1633 2815
217 128 225 131 ⁴
269 152 354 200 334
428 109 693 184 lwsiic‘m
724 138 1137 187 cotnoPTnRA.
1163 141 1380 196 Bupreffis.

653 249 794 344 {ndine
822 250 936 344 ggani
963 263 1126 305 oryzae,
1152 250 1349 303 nitidum,
1374 249 1548 306 nigrum,-

682 316 781 346 ἀιιη.
810 315 838 360 7
866 316 908 347 0.

270 418 451 461 Minuta
481 423 547 468 15.
577 416 626 457 Β.
657 417 676 467 (
701 414 739 456 le
770 414 1029 471 triangulaire
1069 417 1156 457 sans
1200 419 1370 468 ondes)
1405 417 1549 472 elytris

657 472 926 525 integerrimis
967 472 1191 513 transverse
1235 474 1416 528 rugofis,
1452 472 1552 512 tho-

658 540 754 567 race
786 526 1010 568 subtriloho
1051 527 1177 577 lae'vi,
1212 541 1386 582 corpore
1423 537 1551 569 ovato

656 583 697 622 ni
729 595 791 622 ro.
819 583 839 603 ’κ

601 597 773 677 Hab.gin
803 640 976 691 Europa.
1003 639 1047 678 In
1083 636 1229 679 Gallia.
1264 641 1321 678 V.

600 695 851 733 Praecedenti
877 693 1031 742 fimilis,
1058 691 1124 732 sed
1157 692 1302 732 thorax
1331 706 1468 734 aeneus
1493 693 1548 734 est

655 747 866 802 elytraque
906 748 997 788 sunt
1033 748 1113 788 fine
1143 749 1233 801 pilis
1267 748 1365 788 albis
1392 778 1406 796 ,
1442 751 1549 789 unde

657 802 726 844 ista
757 802 946 858 buprestis
973 802 1027 844 est
1055 817 1154 845 vera
1179 803 1369 858 buprestis
1396 804 1548 845 minuta

658 858 829 900 Linnaei.
857 861 911 901 V.

273 965 535 1021 viridia'16.
564 972 610 1012 B.
643 971 661 1022 (
686 970 724 1011 le
760 971 862 1010 verd
889 971 908 1021 )
954 969 1096 1023 elytris
1126 969 1394 1023 integerrimis
1422 967 1548 1009 subli-

656 1025 843 1067 nearibus
877 1025 1106 1078 pun&atiS,
1146 1025 1316 1065 th'orace
1357 1023 1546 1074 deflexo.

658 1094 832 1134 corpore
863 1081 983 1121 viridi
1009 1079 1219 1133 elongato.
1249 1082 1271 1101 *²

599 1139 664 1180 De
701 1137 831 1185 ὅθεν,
859 1135 900 1177 6.

599 1192 754 1246 Sclzaeffl
784 1192 886 1233 icon.
919 1202 953 1232 t.
982 1189 1048 1246 67.
1076 1191 1119 1244 f.
1151 1200 1192 1245 9.

598 1250 697 1289 Fabi
733 1256 794 1299 54.

600 1304 713 1354 Scep.
745 1301 938 1341 mordella
961 1301 1246 1352 firraticornz's
1272 1300 1364 1356 189.

599 1360 745 1399 Enum.
774 1356 867 1411 367.

595 1414 720 1455 Miill.
747 1413 831 1452 Lin.
859 1411 961 1452 Nat.
990 1411 1040 1453 cl.
1073 1424 1121 1453 v.
1143 1427 1185 1462 p.
1218 1422 1316 1466 341.

599 1470 705 1510 Hah.
737 1470 776 1509 in
807 1468 943 1508 betula
973 1468 1061 1508 alba
1079 1498 1092 1518 ‚
1135 1467 1325 1508 foliorum
1350 1468 1548 1524 margines

632 1565 636 1572 ,
656 1526 846 1565 exedens.

596 1580 715 1630 Dese.
740 1579 891 1630 Corpus
909 1589 1038 1619 totum
1054 1579 1320 1619 viridiffimum
1337 1609 1349 1627 ‚
1376 1581 1544 1629 mediae,

654 1635 723 1676 vel
753 1635 918 1674 minoris
954 1634 1216 1687 longitudinis
1233 1663 1246 1682 ‚
1273 1634 1437 1686 reliquis
1463 1647 1544 1672 an-

653 1688 816 1743 gustius.
850 1689 997 1741 Elytra
1042 1701 1124 1727 non
1166 1687 1326 1734 striata,
1368 1702 1444 1729 nec
1478 1688 1548 1727 nifi

653 1745 798 1783 atomis
845 1743 1126 1784 confertissime
1174 1744 1374 1796 punzstata.
1422 1743 1548 1785 Faun.

683 1799 750 1838 62.

599 1808 691 1904 Ob}
731 1853 792 1892 De
831 1852 930 1893 Geer
968 1854 1007 1895 &
1047 1853 1248 1892 Fabricius
1285 1867 1360 1907 pro
1399 1853 1544 1908 synon.

655 1910 771 1962 bupr.
798 1909 937 1948 viridis
968 1910 1086 1948 Linn.
1119 1910 1400 1949 indicaverunt
1426 1911 1486 1949 12⁰.
1509 1918 1545 1958 5.
1598 1930 1599 1933 ¹

653 1966 735 2016 hist.
769 1965 839 2012 inf.
868 1966 990 2016 parifi
1019 1964 1084 2004 sed
1111 1964 1226 2016 bupr.
1258 1966 1396 2004 viridis
1419 1963 1545 2016 Geoffi

655 2020 709 2061 est
740 2020 854 2073 bupr.
886 2019 1054 2059 nitidula
1086 2019 1201 2058 LGrz.
1241 2020 1300 2058 uri
1340 2020 1442 2058 bene
1469 2020 1546 2059 ob-

651 2076 829 2115 servavit
868 2075 925 2115 D.
959 2075 1154 2114 Sclzrank.
1192 2075 1258 2113 Ad
1286 2074 1364 2113 hoc
1389 2072 1546 2112 confir-

653 2133 861 2177 mandum,
883 2130 1000 2169 Linn.
1038 2131 1076 2171 &
1107 2129 1231 2182 Geoffi
1260 2128 1544 2181 descriptiones

652 2185 929 2226 conferendae.
958 2189 1012 2227 V.

316 2298 434 2341 Atra.
469 2306 533 2350 17.
564 2298 611 2336 B.
647 2294 731 2346 (le
756 2296 891 2346 noir)
929 2294 1070 2348 elytris
1117 2295 1384 2349 integerrimis
1423 2293 1544 2334 subli-

655 2350 842 2390 nearibus
883 2352 1105 2403 puncratis,
1149 2350 1316 2393 thorace
1356 2349 1542 2402 deflexo,

657 2417 830 2460 corpore
864 2416 955 2447 atro
990 2405 1199 2461 elongato.
