1687 2799
216 116 488 163 sussen
517 112 936 153 COLEOPTERA·
968 113 1241 169 chrysomela.
1300 117 1384 170 119*
1426 147 1430 179 5

494 222 537 264 in
575 223 870 270 antecedenti)
915 221 1104 274 adspersa.
1155 225 1380 266 Admodum

502 291 685 319 convexa
704 277 792 318 sunt
811 278 895 317 haec
916 278 1046 330 elytra
1062 279 1099 318 &
1115 279 1230 330 proin
1247 279 1382 319 subtus

497 334 622 388 magis
651 346 846 374 concava.
874 331 1074 372 Antennae
1100 333 1137 373 ὅ(
1168 335 1285 386 pedes
1310 335 1381 375 vi-

496 389 616 430 rides.
642 388 848 429 Abdomen
876 388 1019 429 viride.
1047 387 1171 429 Faun.
1201 397 1292 442 509.

169 497 302 540 AEnea.
324 505 360 551 ς.
387 500 434 541 C.
463 500 488 552 (
505 509 621 541 verte
648 500 697 539 de
722 497 867 539 l’aulne
885 499 903 549 )
923 506 1045 538 ovata
1070 499 1207 539 viridis
1228 498 1384 549 ηἰῖῐᾶει,Υ

498 555 709 595 abdomine
743 553 890 607 postice
923 553 1168 607 ferrugineo,
1197 556 1216 574 ³*

439 609 565 650 Faun.
585 611 690 659 ficec.
723 619 759 648 1.
788 624 827 648 n.
854 617 952 659 420.
980 607 1226 661 chrysomela
1243 608 1382 650 viridis

494 666 620 704 nitida
639 691 653 710 ‚
679 662 847 702 thorace
877 662 1011 702 amice
1040 672 1254 705 excavato,

441 717 537 758 Fab.
564 718 631 758 80.

437 773 582 812 Enum.
613 782 706 826 131.
710 779 740 808 x

437 827 559 868 Mu'll.
592 827 679 868 Lin.
712 824 814 867 Nat.
839 825 890 866 cl.
924 836 972 867 v.
992 842 1035 878 p.
1068 824 1160 882 167.

436 882 502 922 De
537 881 669 930 Geer,
698 881 764 923 18.

439 937 594 992 Schaeffl
624 939 724 978 icon.
752 949 782 979 t.
812 947 878 977 21.
897 938 1005 991 f.3.
1031 947 1072 990 4.

437 992 536 1033 Hah.
567 994 607 1033 in
634 991 768 1033 betula
799 993 907 1033 alno.

436 1050 551 1142 Η3ἓε
583 1049 837 1143 ffiaecedenti
877 1046 1022 1102 copula
1055 1046 1224 1100 junctam
1257 1047 1381 1091 vidit.

634 1104 691 1143 illl

434 1157 553 1208 Defi.
590 1157 692 1198 Tota
729 1159 869 1199 nitida.
917 1156 1092 1198 Thorace
1133 1159 1265 1199 antice
1296 1171 1383 1199 non

492 1214 698 1266 aequaliter
722 1223 913 1254 truncato
931 1243 944 1263 ‚
961 1213 1029 1253 sed
1054 1215 1136 1254 sinu
1165 1224 1383 1255 excavato.

491 1269 679 1309 Puni-lum
721 1278 958 1310 excavatum
997 1270 1037 1308 in
1077 1271 1208 1310 medio
1247 1269 1383 1308 sterni.

491 1323 618 1363 Pedes
667 1326 706 1365 &
757 1322 959 1364 Antennae
998 1325 1136 1378 nigrae.
1185 1327 1257 1364 Hae
1303 1322 1382 1364 bafi

491 1378 661 1429 pallidae.
689 1378 814 1419 Faun.
850 1387 938 1425 510.

440 1430 533 1480 obs.
576 1436 666 1472 Nec
699 1432 797 1471 Fab.
826 1446 902 1472 nec
932 1432 1112 1472 Schrank
1144 1433 1274 1487 chrys.
1312 1443 1387 1472 12.'

494 1485 616 1540 Geoffl
648 1486 841 1526 indicant.
871 1489 915 1525 In
943 1487 1017 1526 hac
1047 1487 1119 1527 alae
1152 1488 1311 1533 rubrae,
1338 1488 1388 1528 itr

493 1540 625 1605 chrys.
659 1554 769 1581 aenea
797 1543 934 1594 nigrae.
969 1543 1093 1581 Proin
1117 1543 1271 1582 citatio.
1291 1541 1384 1583 Lin.

489 1595 643 1635 incerta
687 1597 725 1635 ὃ(
778 1608 861 1635 non
916 1595 1198 1636 confundenda
1244 1595 1379 1649 chrys

498 1662 607 1690 aenea
633 1661 722 1690 cum
753 1649 884 1703 chrys.
920 1648 1044 1704 Geoffi

192 1758 304 1803 Alni.
333 1759 373 1802 6.
404 1761 453 1802 C.
487 1759 699 1812 (violette
722 1761 771 1800 de
798 1759 976 1812 l'aulne)
1005 1770 1127 1801 ovata
1159 1760 1342 1801 violacea
1362 1766 1383 1810 ,‘

491 1816 633 1869 elytris
673 1816 825 1868 punctis
855 1817 1060 1856 excavatis
1093 1815 1253 1868 sparsis,
1298 1829 1379 1856 an-

490 1871 622 1910 tennis
654 1869 894 1923 pedibusque
920 1885 958 1910 m
949 1872 1056 1925 gris.
1087 1872 1106 1891 ⁴⁵

432 1925 578 1975 Frisclz.
597 1940 732 1976 ..germ
762 1936 803 1978 7.
832 1942 875 1977 p.
907 1936 971 1980 13.
1011 1937 1044 1967 t.
1077 1925 1117 1967 8.
1148 1906 1378 1968 Scarabaeus

493 1981 572 2020 alni
603 1980 810 2021 caeruleus

437 2033 535 2076 Fab.
565 2046 634 2086 72.

436 2089 539 2143 Sulz.
562 2091 647 2139 hist.
681 2091 751 2139 ins.
781 2101 812 2131 t.
843 2101 879 2144 3.
906 2093 946 2145 f.
983 2103 1046 2146 13.

432 2144 586 2196 Sclzaeff
612 2145 724 2184 elem.
755 2158 784 2186 c.
816 2155 876 2199 53.
896 2149 935 2200 f.
967 2159 1002 2188 1.
1035 2160 1074 2187 2..

441 2199 563 2253 Geoffl
592 2201 770 2257 gribouri
800 2200 890 2241 bleu
919 2203 967 2242 de
993 2202 1152 2243 laulne.

439 2256 583 2295 Enum.
618 2266 710 2305 150.

431 2308 554 2350 Mzill.
573 2310 661 2350 Lin.
681 2310 784 2351 Nat.
802 2313 852 2353 cl.
868 2325 915 2355 V.
930 2324 1037 2367 part.
1054 2324 1091 2354 1.
1103 2330 1146 2365 p.
1167 2311 1258 2367 167.
1277 2328 1315 2353 n.
1333 2318 1375 2366 9)

439 2364 540 2408 Hah.
566 2366 606 2407 in
634 2365 768 2408 betula
794 2367 903 2412 alno.
968 2374 980 2390 ⁹

1051 2424 1087 2465 H
1115 2423 1158 2464 iv
