<?xml version="1.0" encoding="UTF-8"?>
<!DOCTYPE html PUBLIC "-//W3C//DTD XHTML 1.0 Transitional//EN"
    "http://www.w3.org/TR/xhtml1/DTD/xhtml1-transitional.dtd">
<html xmlns="http://www.w3.org/1999/xhtml" xml:lang="en" lang="en">
 <head>
  <title>
</title>
<meta http-equiv="Content-Type" content="text/html;charset=utf-8" />
  <meta name='ocr-system' content='tesseract 3.04.00' />
  <meta name='ocr-capabilities' content='ocr_page ocr_carea ocr_par ocr_line ocrx_word'/>
</head>
<body>
  <div class='ocr_page' id='page_1' title='image "./carolilinnient01linn_0638.png"; bbox 0 0 1633 2815; ppageno 0'>
   <div class='ocr_carea' id='block_1_1' title="bbox 209 179 1327 413">
    <p class='ocr_par' dir='ltr' id='par_1_1' title="bbox 209 179 1327 413">
     <span class='ocr_line' id='line_1_1' title="bbox 209 179 1260 243; baseline -0.015 -13"><span class='ocrx_word' id='word_1_1' title='bbox 209 194 290 243; x_wconf 73' lang='lat'>⁶14</span> <span class='ocrx_word' id='word_1_2' title='bbox 429 187 767 226; x_wconf 64' lang='lat' dir='ltr'><strong>ANALY‘rch</strong></span> <span class='ocrx_word' id='word_1_3' title='bbox 814 189 879 221; x_wconf 73' lang='grc' dir='ltr'>ΕΤ</span> <span class='ocrx_word' id='word_1_4' title='bbox 919 179 1260 220; x_wconf 64' lang='lat' dir='ltr'>ComrARAm</span> 
     </span>
     <span class='ocr_line' id='line_1_2' title="bbox 381 265 1327 319; baseline -0.013 -1"><span class='ocrx_word' id='word_1_5' title='bbox 381 277 441 319; x_wconf 88' lang='lat' dir='ltr'>D.</span> <span class='ocrx_word' id='word_1_6' title='bbox 475 276 644 317; x_wconf 81' lang='lat' dir='ltr'>Linnaei.</span> <span class='ocrx_word' id='word_1_7' title='bbox 1026 268 1085 313; x_wconf 89' lang='lat' dir='ltr'>D.</span> <span class='ocrx_word' id='word_1_8' title='bbox 1117 270 1163 310; x_wconf 83' lang='lat' dir='ltr'>de</span> <span class='ocrx_word' id='word_1_9' title='bbox 1194 265 1327 308; x_wconf 60' lang='lat' dir='ltr'>Geni.</span> 
     </span>
     <span class='ocr_line' id='line_1_3' title="bbox 301 368 725 413; baseline -0.012 0"><span class='ocrx_word' id='word_1_10' title='bbox 301 373 396 413; x_wconf 91' lang='lat' dir='ltr'>GY</span> <span class='ocrx_word' id='word_1_11' title='bbox 427 374 464 411; x_wconf 88' lang='lat' dir='ltr'>R</span> <span class='ocrx_word' id='word_1_12' title='bbox 491 373 523 410; x_wconf 95' lang='lat' dir='ltr'>L</span> <span class='ocrx_word' id='word_1_13' title='bbox 552 373 587 410; x_wconf 92' lang='lat' dir='ltr'>L</span> <span class='ocrx_word' id='word_1_14' title='bbox 614 371 654 408; x_wconf 91' lang='lat' dir='ltr'>U</span> <span class='ocrx_word' id='word_1_15' title='bbox 683 368 725 408; x_wconf 88' lang='lat' dir='ltr'>S.</span> 
     </span>
    </p>
   </div>
   <div class='ocr_carea' id='block_1_2' title="bbox 216 458 1525 2054">
    <p class='ocr_par' dir='ltr' id='par_1_2' title="bbox 216 458 837 575">
     <span class='ocr_line' id='line_1_4' title="bbox 216 458 831 513; baseline -0.015 -8"><span class='ocrx_word' id='word_1_16' title='bbox 216 461 342 513; x_wconf 70' lang='lat' dir='ltr'>Caput</span> <span class='ocrx_word' id='word_1_17' title='bbox 377 464 566 506; x_wconf 86' lang='lat' dir='ltr'>inflexum</span> <span class='ocrx_word' id='word_1_18' title='bbox 599 491 612 509; x_wconf 88' lang='lat'>‚</span> <span class='ocrx_word' id='word_1_19' title='bbox 642 458 831 502; x_wconf 81' lang='lat' dir='ltr'>maxillo.</span> 
     </span>
     <span class='ocr_line' id='line_1_5' title="bbox 270 516 837 575; baseline -0.012 -14"><span class='ocrx_word' id='word_1_20' title='bbox 270 516 352 561; x_wconf 83' lang='lat' dir='ltr'>sum</span> <span class='ocrx_word' id='word_1_21' title='bbox 375 552 386 570; x_wconf 87' lang='lat'>‚</span> <span class='ocrx_word' id='word_1_22' title='bbox 415 520 538 575; x_wconf 82' lang='lat' dir='ltr'>palpis</span> <span class='ocrx_word' id='word_1_23' title='bbox 557 517 798 559; x_wconf 69' lang='lat' dir='ltr'>instructum.</span> <span class='ocrx_word' id='word_1_24' title='bbox 826 550 837 555; x_wconf 82' lang='grc'>-</span> 
     </span>
    </p>

    <p class='ocr_par' dir='ltr' id='par_1_3' title="bbox 217 570 828 673">
     <span class='ocr_line' id='line_1_6' title="bbox 217 570 828 616; baseline -0.01 0"><span class='ocrx_word' id='word_1_25' title='bbox 217 571 419 616; x_wconf 80' lang='lat' dir='ltr'>Antennae</span> <span class='ocrx_word' id='word_1_26' title='bbox 459 576 626 616; x_wconf 83' lang='lat' dir='ltr'>setaceae</span> <span class='ocrx_word' id='word_1_27' title='bbox 670 571 699 613; x_wconf 87' lang='lat' dir='ltr'>f.</span> <span class='ocrx_word' id='word_1_28' title='bbox 745 570 828 611; x_wconf 82' lang='lat' dir='ltr'>fili-</span> 
     </span>
     <span class='ocr_line' id='line_1_7' title="bbox 273 629 435 673; baseline -0.006 0"><span class='ocrx_word' id='word_1_29' title='bbox 273 629 435 673; x_wconf 84' lang='lat' dir='ltr'><strong>formes.</strong></span> 
     </span>
    </p>

    <p class='ocr_par' dir='ltr' id='par_1_4' title="bbox 218 683 829 795">
     <span class='ocr_line' id='line_1_8' title="bbox 218 683 829 740; baseline -0.01 -11"><span class='ocrx_word' id='word_1_30' title='bbox 218 683 260 725; x_wconf 85' lang='lat' dir='ltr'><em>A</em></span> <span class='ocrx_word' id='word_1_31' title='bbox 266 684 314 728; x_wconf 82' lang='lat' dir='ltr'>lae</span> <span class='ocrx_word' id='word_1_32' title='bbox 327 699 354 740; x_wconf 85' lang='lat'>4</span> <span class='ocrx_word' id='word_1_33' title='bbox 367 688 532 728; x_wconf 64' lang='lat' dir='ltr'>deflexae</span> <span class='ocrx_word' id='word_1_34' title='bbox 543 717 554 735; x_wconf 87' lang='lat'><strong>‚</strong></span> <span class='ocrx_word' id='word_1_35' title='bbox 569 683 803 726; x_wconf 71' lang='lat' dir='ltr'>convolutae</span> <span class='ocrx_word' id='word_1_36' title='bbox 814 712 829 733; x_wconf 83' lang='lat'>,</span> 
     </span>
     <span class='ocr_line' id='line_1_9' title="bbox 274 743 680 795; baseline -0.01 -12"><span class='ocrx_word' id='word_1_37' title='bbox 274 743 489 783; x_wconf 83' lang='lat' dir='ltr'>inferiores</span> <span class='ocrx_word' id='word_1_38' title='bbox 511 743 680 795; x_wconf 80' lang='lat' dir='ltr'>plicatae.</span> 
     </span>
    </p>

    <p class='ocr_par' dir='ltr' id='par_1_5' title="bbox 220 794 836 851">
     <span class='ocr_line' id='line_1_10' title="bbox 220 794 836 851; baseline -0.01 -12"><span class='ocrx_word' id='word_1_39' title='bbox 220 799 347 839; x_wconf 84' lang='lat' dir='ltr'><em>Pedes</em></span> <span class='ocrx_word' id='word_1_40' title='bbox 393 797 533 851; x_wconf 88' lang='lat' dir='ltr'>postici</span> <span class='ocrx_word' id='word_1_41' title='bbox 590 794 784 835; x_wconf 85' lang='lat' dir='ltr'>saltatorii</span> <span class='ocrx_word' id='word_1_42' title='bbox 821 823 836 843; x_wconf 90' lang='lat'>‚</span> 
     </span>
    </p>

    <p class='ocr_par' dir='ltr' id='par_1_6' title="bbox 275 851 711 908">
     <span class='ocr_line' id='line_1_11' title="bbox 275 851 711 908; baseline -0.009 -14"><span class='ocrx_word' id='word_1_43' title='bbox 275 866 430 908; x_wconf 85' lang='lat' dir='ltr'>ungues</span> <span class='ocrx_word' id='word_1_44' title='bbox 449 852 595 904; x_wconf 84' lang='lat' dir='ltr'>ubique</span> <span class='ocrx_word' id='word_1_45' title='bbox 615 851 711 891; x_wconf 89' lang='lat' dir='ltr'>bini.</span> 
     </span>
    </p>

    <p class='ocr_par' dir='ltr' id='par_1_7' title="bbox 224 896 1508 1018">
     <span class='ocr_line' id='line_1_12' title="bbox 281 896 1508 959; baseline -0.011 -11"><span class='ocrx_word' id='word_1_46' title='bbox 281 909 374 959; x_wconf 84' lang='lat' dir='ltr'><em>Obs.</em></span> <span class='ocrx_word' id='word_1_47' title='bbox 393 919 429 948; x_wconf 89' lang='lat'>1.</span> <span class='ocrx_word' id='word_1_48' title='bbox 448 908 649 948; x_wconf 63' lang='lat' dir='ltr'>structura</span> <span class='ocrx_word' id='word_1_49' title='bbox 664 906 809 959; x_wconf 82' lang='lat' dir='ltr'>pedum</span> <span class='ocrx_word' id='word_1_50' title='bbox 828 907 1074 948; x_wconf 81' lang='lat' dir='ltr'><strong>anteriorum</strong></span> <span class='ocrx_word' id='word_1_51' title='bbox 1093 934 1105 954; x_wconf 92' lang='lat'><strong>‚</strong></span> <span class='ocrx_word' id='word_1_52' title='bbox 1120 910 1167 943; x_wconf 86' lang='lat' dir='ltr'>ut</span> <span class='ocrx_word' id='word_1_53' title='bbox 1185 901 1292 956; x_wconf 84' lang='lat' dir='ltr'>diag.</span> <span class='ocrx_word' id='word_1_54' title='bbox 1309 911 1332 939; x_wconf 88' lang='lat' dir='ltr'>a</span> <span class='ocrx_word' id='word_1_55' title='bbox 1349 896 1508 937; x_wconf 69' lang='lat' dir='ltr'>Limum</span> 
     </span>
     <span class='ocr_line' id='line_1_13' title="bbox 224 960 1282 1018; baseline -0.009 -12"><span class='ocrx_word' id='word_1_56' title='bbox 224 966 412 1018; x_wconf 76' lang='lat' dir='ltr'>affignata</span> <span class='ocrx_word' id='word_1_57' title='bbox 429 994 442 1013; x_wconf 86' lang='lat'>‚</span> <span class='ocrx_word' id='word_1_58' title='bbox 468 976 550 1003; x_wconf 86' lang='lat' dir='ltr'>non</span> <span class='ocrx_word' id='word_1_59' title='bbox 569 962 728 1015; x_wconf 85' lang='lat' dir='ltr'>generis</span> <span class='ocrx_word' id='word_1_60' title='bbox 755 973 853 1003; x_wconf 85' lang='lat' dir='ltr'>nota</span> <span class='ocrx_word' id='word_1_61' title='bbox 873 960 1197 1002; x_wconf 64' lang='lat' dir='ltr'>charafteristica.</span> <span class='ocrx_word' id='word_1_62' title='bbox 1227 960 1282 998; x_wconf 91' lang='lat' dir='ltr'>V.</span> 
     </span>
    </p>

    <p class='ocr_par' dir='ltr' id='par_1_8' title="bbox 225 1004 1520 1625">
     <span class='ocr_line' id='line_1_14' title="bbox 285 1004 1507 1068; baseline -0.012 -10"><span class='ocrx_word' id='word_1_63' title='bbox 285 1019 376 1068; x_wconf 81' lang='lat' dir='ltr'><strong><em>Obs.</em></strong></span> <span class='ocrx_word' id='word_1_64' title='bbox 409 1030 449 1059; x_wconf 85' lang='lat'>2.</span> <span class='ocrx_word' id='word_1_65' title='bbox 493 1020 589 1056; x_wconf 86' lang='lat' dir='ltr'>Haec</span> <span class='ocrx_word' id='word_1_66' title='bbox 621 1017 831 1056; x_wconf 82' lang='lat' dir='ltr'>numerosa</span> <span class='ocrx_word' id='word_1_67' title='bbox 856 1016 1001 1056; x_wconf 84' lang='lat' dir='ltr'>familia</span> <span class='ocrx_word' id='word_1_68' title='bbox 1029 1015 1097 1055; x_wconf 85' lang='lat' dir='ltr'>sub</span> <span class='ocrx_word' id='word_1_69' title='bbox 1121 1012 1246 1065; x_wconf 78' lang='lat' dir='ltr'><em>grylli</em></span> <span class='ocrx_word' id='word_1_70' title='bbox 1275 1007 1437 1057; x_wconf 82' lang='lat' dir='ltr'>nomine</span> <span class='ocrx_word' id='word_1_71' title='bbox 1463 1004 1507 1044; x_wconf 78' lang='lat' dir='ltr'>in</span> 
     </span>
     <span class='ocr_line' id='line_1_15' title="bbox 225 1060 1510 1130; baseline -0.013 -15"><span class='ocrx_word' id='word_1_72' title='bbox 225 1075 435 1130; x_wconf 81' lang='lat' dir='ltr'>systemate</span> <span class='ocrx_word' id='word_1_73' title='bbox 463 1072 663 1125; x_wconf 79' lang='lat' dir='ltr'>designata</span> <span class='ocrx_word' id='word_1_74' title='bbox 682 1069 786 1121; x_wconf 82' lang='lat' dir='ltr'>fuit3</span> <span class='ocrx_word' id='word_1_75' title='bbox 814 1071 879 1112; x_wconf 86' lang='lat' dir='ltr'>sed</span> <span class='ocrx_word' id='word_1_76' title='bbox 904 1066 1087 1123; x_wconf 68' lang='lat' dir='ltr'>exe‘mplo</span> <span class='ocrx_word' id='word_1_77' title='bbox 1119 1068 1236 1109; x_wconf 85' lang='lat' dir='ltr'>Plinii</span> <span class='ocrx_word' id='word_1_78' title='bbox 1265 1060 1510 1118; x_wconf 88' lang='lat' dir='ltr'>septentrio-</span> 
     </span>
     <span class='ocr_line' id='line_1_16' title="bbox 227 1116 1510 1175; baseline -0.013 -4"><span class='ocrx_word' id='word_1_79' title='bbox 227 1131 329 1172; x_wconf 76' lang='lat' dir='ltr'>nalis</span> <span class='ocrx_word' id='word_1_80' title='bbox 361 1129 520 1168; x_wconf 83' lang='lat' dir='ltr'>minime</span> <span class='ocrx_word' id='word_1_81' title='bbox 559 1126 704 1166; x_wconf 75' lang='lat' dir='ltr'>seduffi</span> <span class='ocrx_word' id='word_1_82' title='bbox 738 1124 901 1168; x_wconf 83' lang='lat' dir='ltr'>fuerunt</span> <span class='ocrx_word' id='word_1_83' title='bbox 932 1127 997 1166; x_wconf 87' lang='lat' dir='ltr'>alii</span> <span class='ocrx_word' id='word_1_84' title='bbox 1028 1122 1290 1175; x_wconf 83' lang='lat' dir='ltr'>Entomologi</span> <span class='ocrx_word' id='word_1_85' title='bbox 1323 1116 1510 1172; x_wconf 84' lang='lat' dir='ltr'>systema-</span> 
     </span>
     <span class='ocr_line' id='line_1_17' title="bbox 231 1179 1511 1238; baseline -0.013 -12"><span class='ocrx_word' id='word_1_86' title='bbox 231 1186 360 1238; x_wconf 79' lang='lat' dir='ltr'>tisque</span> <span class='ocrx_word' id='word_1_87' title='bbox 385 1184 547 1224; x_wconf 84' lang='lat' dir='ltr'>ordines</span> <span class='ocrx_word' id='word_1_88' title='bbox 574 1183 614 1221; x_wconf 85' lang='lat' dir='ltr'>in</span> <span class='ocrx_word' id='word_1_89' title='bbox 642 1194 790 1236; x_wconf 85' lang='lat' dir='ltr'>genera</span> <span class='ocrx_word' id='word_1_90' title='bbox 807 1185 918 1223; x_wconf 84' lang='lat' dir='ltr'>varia</span> <span class='ocrx_word' id='word_1_91' title='bbox 934 1188 1207 1224; x_wconf 59' lang='lat' dir='ltr'>mutaverunt.</span> <span class='ocrx_word' id='word_1_92' title='bbox 1229 1179 1324 1216; x_wconf 88' lang='lat' dir='ltr'>Duo</span> <span class='ocrx_word' id='word_1_93' title='bbox 1353 1180 1511 1211; x_wconf 86' lang='lat' dir='ltr'>tantum</span> 
     </span>
     <span class='ocr_line' id='line_1_18' title="bbox 230 1229 1514 1292; baseline -0.015 -11"><span class='ocrx_word' id='word_1_94' title='bbox 230 1241 425 1281; x_wconf 77' lang='lat' dir='ltr'>habemus</span> <span class='ocrx_word' id='word_1_95' title='bbox 453 1236 747 1291; x_wconf 84' lang='lat' dir='ltr'>entomologiae</span> <span class='ocrx_word' id='word_1_96' title='bbox 782 1237 990 1292; x_wconf 84' lang='lat' dir='ltr'>systemata</span> <span class='ocrx_word' id='word_1_97' title='bbox 1008 1267 1021 1287; x_wconf 85' lang='lat'><strong>‚</strong></span> <span class='ocrx_word' id='word_1_98' title='bbox 1048 1236 1176 1288; x_wconf 84' lang='lat' dir='ltr'>inquit</span> <span class='ocrx_word' id='word_1_99' title='bbox 1212 1231 1270 1271; x_wconf 89' lang='lat' dir='ltr'>D.</span> <span class='ocrx_word' id='word_1_100' title='bbox 1299 1229 1393 1269; x_wconf 74' lang='lat' dir='ltr'>Fab.</span> <span class='ocrx_word' id='word_1_101' title='bbox 1425 1237 1514 1277; x_wconf 82' lang='lat' dir='ltr'>quae</span> 
     </span>
     <span class='ocr_line' id='line_1_19' title="bbox 230 1280 1516 1346; baseline -0.015 -10"><span class='ocrx_word' id='word_1_102' title='bbox 230 1296 495 1337; x_wconf 77' lang='lat' dir='ltr'>fundamento</span> <span class='ocrx_word' id='word_1_103' title='bbox 543 1293 715 1345; x_wconf 83' lang='lat' dir='ltr'>quodam</span> <span class='ocrx_word' id='word_1_104' title='bbox 751 1295 929 1346; x_wconf 81' lang='lat' dir='ltr'>quamvis</span> <span class='ocrx_word' id='word_1_105' title='bbox 972 1290 1178 1332; x_wconf 78' lang='lat' dir='ltr'>vacillanti</span> <span class='ocrx_word' id='word_1_106' title='bbox 1224 1318 1237 1336; x_wconf 89' lang='lat'>‚</span> <span class='ocrx_word' id='word_1_107' title='bbox 1277 1280 1516 1325; x_wconf 76' lang='lat' dir='ltr'>inaedificata</span> 
     </span>
     <span class='ocr_line' id='line_1_20' title="bbox 234 1341 1516 1403; baseline -0.014 -12"><span class='ocrx_word' id='word_1_108' title='bbox 234 1352 351 1398; x_wconf 79' lang='lat' dir='ltr'>sunt,</span> <span class='ocrx_word' id='word_1_109' title='bbox 378 1363 521 1401; x_wconf 80' lang='lat' dir='ltr'><strong>nempe</strong></span> <span class='ocrx_word' id='word_1_110' title='bbox 543 1349 658 1387; x_wconf 80' lang='lat' dir='ltr'>Linrz.</span> <span class='ocrx_word' id='word_1_111' title='bbox 678 1348 714 1388; x_wconf 70' lang='grc' dir='ltr'>ὅ(</span> <span class='ocrx_word' id='word_1_112' title='bbox 752 1348 876 1403; x_wconf 80' lang='lat' dir='ltr'>Gcoffi</span> <span class='ocrx_word' id='word_1_113' title='bbox 913 1361 1080 1402; x_wconf 88' lang='lat' dir='ltr'>quorum</span> <span class='ocrx_word' id='word_1_114' title='bbox 1108 1345 1209 1385; x_wconf 87' lang='lat' dir='ltr'>alter</span> <span class='ocrx_word' id='word_1_115' title='bbox 1244 1341 1360 1381; x_wconf 88' lang='lat' dir='ltr'>nimis</span> <span class='ocrx_word' id='word_1_116' title='bbox 1393 1345 1516 1376; x_wconf 82' lang='lat' dir='ltr'>natu-</span> 
     </span>
     <span class='ocr_line' id='line_1_21' title="bbox 235 1391 1520 1460; baseline -0.015 -13"><span class='ocrx_word' id='word_1_117' title='bbox 235 1421 321 1448; x_wconf 78' lang='lat' dir='ltr'>ram</span> <span class='ocrx_word' id='word_1_118' title='bbox 341 1406 506 1456; x_wconf 77' lang='lat' dir='ltr'>sequens</span> <span class='ocrx_word' id='word_1_119' title='bbox 527 1403 666 1457; x_wconf 84' lang='lat' dir='ltr'>saepius</span> <span class='ocrx_word' id='word_1_120' title='bbox 688 1405 810 1444; x_wconf 74' lang='lat' dir='ltr'>amisit</span> <span class='ocrx_word' id='word_1_121' title='bbox 829 1404 991 1460; x_wconf 84' lang='lat' dir='ltr'>systema</span> <span class='ocrx_word' id='word_1_122' title='bbox 1011 1400 1195 1455; x_wconf 82' lang='lat' dir='ltr'>(Linnaei</span> <span class='ocrx_word' id='word_1_123' title='bbox 1210 1397 1365 1448; x_wconf 79' lang='lat' dir='ltr'>scilicet</span> <span class='ocrx_word' id='word_1_124' title='bbox 1382 1393 1399 1442; x_wconf 89' lang='lat'><em>)</em></span> <span class='ocrx_word' id='word_1_125' title='bbox 1417 1391 1520 1431; x_wconf 85' lang='lat' dir='ltr'>alter</span> 
     </span>
     <span class='ocr_line' id='line_1_22' title="bbox 237 1452 1517 1514; baseline -0.013 -12"><span class='ocrx_word' id='word_1_126' title='bbox 237 1475 340 1502; x_wconf 80' lang='lat' dir='ltr'>vero</span> <span class='ocrx_word' id='word_1_127' title='bbox 361 1460 557 1514; x_wconf 70' lang='lat' dir='ltr'>systemati</span> <span class='ocrx_word' id='word_1_128' title='bbox 584 1460 699 1498; x_wconf 85' lang='lat' dir='ltr'>nimis</span> <span class='ocrx_word' id='word_1_129' title='bbox 727 1462 883 1500; x_wconf 80' lang='lat' dir='ltr'>deditus</span> <span class='ocrx_word' id='word_1_130' title='bbox 901 1469 1054 1500; x_wconf 83' lang='lat' dir='ltr'>naturae</span> <span class='ocrx_word' id='word_1_131' title='bbox 1080 1458 1160 1499; x_wconf 84' lang='lat' dir='ltr'>vim</span> <span class='ocrx_word' id='word_1_132' title='bbox 1182 1452 1318 1495; x_wconf 85' lang='lat' dir='ltr'>intulit</span> <span class='ocrx_word' id='word_1_133' title='bbox 1334 1480 1347 1500; x_wconf 83' lang='lat'>‚</span> <span class='ocrx_word' id='word_1_134' title='bbox 1368 1457 1517 1502; x_wconf 78' lang='lat' dir='ltr'>genera</span> 
     </span>
     <span class='ocr_line' id='line_1_23' title="bbox 236 1503 1516 1569; baseline -0.011 -12"><span class='ocrx_word' id='word_1_135' title='bbox 236 1516 519 1569; x_wconf 75' lang='lat' dir='ltr'>multiplicavit</span> <span class='ocrx_word' id='word_1_136' title='bbox 556 1516 594 1556; x_wconf 74' lang='grc' dir='ltr'>ὅ(</span> <span class='ocrx_word' id='word_1_137' title='bbox 637 1515 929 1556; x_wconf 66' lang='lat' dir='ltr'>chara&amp;eribus</span> <span class='ocrx_word' id='word_1_138' title='bbox 959 1514 1087 1555; x_wconf 79' lang='lat' dir='ltr'>dubiis</span> <span class='ocrx_word' id='word_1_139' title='bbox 1120 1509 1294 1552; x_wconf 84' lang='lat' dir='ltr'>distinxit</span> <span class='ocrx_word' id='word_1_140' title='bbox 1324 1503 1516 1560; x_wconf 78' lang='lat' dir='ltr'>fundam·</span> 
     </span>
     <span class='ocr_line' id='line_1_24' title="bbox 240 1569 604 1625; baseline -0.005 -13"><span class='ocrx_word' id='word_1_141' title='bbox 240 1584 386 1612; x_wconf 79' lang='lat' dir='ltr'><em>encom.</em></span> <span class='ocrx_word' id='word_1_142' title='bbox 412 1584 501 1625; x_wconf 84' lang='lat' dir='ltr'>pag.</span> <span class='ocrx_word' id='word_1_143' title='bbox 535 1569 604 1623; x_wconf 83' lang='lat'>78.</span> 
     </span>
    </p>

    <p class='ocr_par' dir='ltr' id='par_1_9' title="bbox 243 1613 1525 2054">
     <span class='ocr_line' id='line_1_25' title="bbox 302 1613 1522 1678; baseline -0.01 -13"><span class='ocrx_word' id='word_1_144' title='bbox 302 1628 390 1676; x_wconf 77' lang='lat' dir='ltr'><em>Obs.</em></span> <span class='ocrx_word' id='word_1_145' title='bbox 415 1639 445 1673; x_wconf 90' lang='lat'>7.</span> <span class='ocrx_word' id='word_1_146' title='bbox 469 1628 558 1665; x_wconf 93' lang='lat' dir='ltr'>Hoc</span> <span class='ocrx_word' id='word_1_147' title='bbox 573 1625 763 1678; x_wconf 80' lang='lat' dir='ltr'>judicium</span> <span class='ocrx_word' id='word_1_148' title='bbox 781 1656 792 1675; x_wconf 91' lang='lat'>‚</span> <span class='ocrx_word' id='word_1_149' title='bbox 814 1627 909 1667; x_wconf 84' lang='lat' dir='ltr'>licet</span> <span class='ocrx_word' id='word_1_150' title='bbox 927 1626 1059 1667; x_wconf 84' lang='lat' dir='ltr'>forsan</span> <span class='ocrx_word' id='word_1_151' title='bbox 1078 1619 1306 1677; x_wconf 69' lang='lat' dir='ltr'>asperius&#39;fit</span> <span class='ocrx_word' id='word_1_152' title='bbox 1325 1645 1337 1663; x_wconf 83' lang='lat'>,</span> <span class='ocrx_word' id='word_1_153' title='bbox 1355 1613 1522 1668; x_wconf 84' lang='lat' dir='ltr'>systema</span> 
     </span>
     <span class='ocr_line' id='line_1_26' title="bbox 244 1673 1520 1732; baseline -0.001 -11"><span class='ocrx_word' id='word_1_154' title='bbox 244 1682 503 1722; x_wconf 70' lang='lat' dir='ltr'>zinnaeanum</span> <span class='ocrx_word' id='word_1_155' title='bbox 532 1709 546 1726; x_wconf 86' lang='lat'><em>,</em></span> <span class='ocrx_word' id='word_1_156' title='bbox 587 1690 631 1719; x_wconf 90' lang='lat' dir='ltr'>ut</span> <span class='ocrx_word' id='word_1_157' title='bbox 674 1681 875 1732; x_wconf 78' lang='lat' dir='ltr'>praesidem</span> <span class='ocrx_word' id='word_1_158' title='bbox 909 1679 1195 1730; x_wconf 78' lang='lat' dir='ltr'>entomologiae</span> <span class='ocrx_word' id='word_1_159' title='bbox 1228 1673 1379 1728; x_wconf 82' lang='lat' dir='ltr'>praebet</span> <span class='ocrx_word' id='word_1_160' title='bbox 1412 1678 1520 1720; x_wconf 71' lang='grc' dir='ltr'>(1ὓο-</span> 
     </span>
     <span class='ocr_line' id='line_1_27' title="bbox 243 1729 1523 1788; baseline -0.014 -12"><span class='ocrx_word' id='word_1_161' title='bbox 243 1738 350 1778; x_wconf 81' lang='lat' dir='ltr'>niam</span> <span class='ocrx_word' id='word_1_162' title='bbox 378 1735 475 1774; x_wconf 76' lang='lat' dir='ltr'>illud.</span> <span class='ocrx_word' id='word_1_163' title='bbox 500 1748 602 1775; x_wconf 76' lang='lat' dir='ltr'>vero</span> <span class='ocrx_word' id='word_1_164' title='bbox 632 1734 795 1788; x_wconf 84' lang='lat' dir='ltr'>systema</span> <span class='ocrx_word' id='word_1_165' title='bbox 812 1736 986 1777; x_wconf 82' lang='lat' dir='ltr'>scientiae</span> <span class='ocrx_word' id='word_1_166' title='bbox 1017 1735 1114 1774; x_wconf 88' lang='lat' dir='ltr'>utile</span> <span class='ocrx_word' id='word_1_167' title='bbox 1139 1731 1191 1772; x_wconf 88' lang='lat' dir='ltr'>est</span> <span class='ocrx_word' id='word_1_168' title='bbox 1215 1729 1322 1782; x_wconf 90' lang='lat' dir='ltr'>quod</span> <span class='ocrx_word' id='word_1_169' title='bbox 1341 1732 1523 1764; x_wconf 80' lang='lat' dir='ltr'>naturam</span> 
     </span>
     <span class='ocr_line' id='line_1_28' title="bbox 245 1779 1523 1844; baseline -0.009 -11"><span class='ocrx_word' id='word_1_170' title='bbox 245 1792 436 1844; x_wconf 76' lang='lat' dir='ltr'>sequitur.</span> <span class='ocrx_word' id='word_1_171' title='bbox 485 1792 582 1830; x_wconf 87' lang='lat' dir='ltr'>Inde</span> <span class='ocrx_word' id='word_1_172' title='bbox 623 1790 882 1831; x_wconf 84' lang='lat' dir='ltr'>confirmatur</span> <span class='ocrx_word' id='word_1_173' title='bbox 919 1792 1080 1831; x_wconf 88' lang='lat' dir='ltr'>unicum</span> <span class='ocrx_word' id='word_1_174' title='bbox 1125 1798 1249 1842; x_wconf 86' lang='lat' dir='ltr'><strong>genus</strong></span> <span class='ocrx_word' id='word_1_175' title='bbox 1288 1779 1523 1833; x_wconf 79' lang='lat' dir='ltr'>Gryllorum</span> 
     </span>
     <span class='ocr_line' id='line_1_29' title="bbox 247 1833 1525 1901; baseline -0.013 -14"><span class='ocrx_word' id='word_1_176' title='bbox 247 1848 317 1888; x_wconf 84' lang='lat' dir='ltr'>sub</span> <span class='ocrx_word' id='word_1_177' title='bbox 365 1859 443 1899; x_wconf 86' lang='lat' dir='ltr'>quo</span> <span class='ocrx_word' id='word_1_178' title='bbox 483 1845 656 1885; x_wconf 74' lang='lat' dir='ltr'>militant</span> <span class='ocrx_word' id='word_1_179' title='bbox 701 1848 865 1901; x_wconf 85' lang='lat' dir='ltr'>acrydia</span> <span class='ocrx_word' id='word_1_180' title='bbox 895 1878 908 1897; x_wconf 87' lang='lat'>‚</span> <span class='ocrx_word' id='word_1_181' title='bbox 964 1844 1123 1886; x_wconf 84' lang='lat' dir='ltr'>locustae</span> <span class='ocrx_word' id='word_1_182' title='bbox 1154 1872 1167 1890; x_wconf 85' lang='lat'><em>,</em></span> <span class='ocrx_word' id='word_1_183' title='bbox 1201 1836 1321 1895; x_wconf 85' lang='lat' dir='ltr'>grylli</span> <span class='ocrx_word' id='word_1_184' title='bbox 1368 1833 1525 1884; x_wconf 83' lang='lat' dir='ltr'>aliaque</span> 
     </span>
     <span class='ocr_line' id='line_1_30' title="bbox 250 1889 1524 1956; baseline -0.014 -14"><span class='ocrx_word' id='word_1_185' title='bbox 250 1915 400 1956; x_wconf 79' lang='lat' dir='ltr'>genera</span> <span class='ocrx_word' id='word_1_186' title='bbox 435 1910 571 1941; x_wconf 83' lang='lat' dir='ltr'>creata</span> <span class='ocrx_word' id='word_1_187' title='bbox 599 1916 611 1951; x_wconf 79' lang='lat'>3</span> <span class='ocrx_word' id='word_1_188' title='bbox 641 1901 846 1954; x_wconf 87' lang='lat' dir='ltr'>reipsaque</span> <span class='ocrx_word' id='word_1_189' title='bbox 867 1932 882 1952; x_wconf 86' lang='lat'>‚</span> <span class='ocrx_word' id='word_1_190' title='bbox 923 1915 1062 1943; x_wconf 84' lang='lat' dir='ltr'>omnes</span> <span class='ocrx_word' id='word_1_191' title='bbox 1106 1898 1247 1938; x_wconf 86' lang='lat' dir='ltr'>faciem</span> <span class='ocrx_word' id='word_1_192' title='bbox 1267 1924 1279 1943; x_wconf 91' lang='lat'><strong>‚</strong></span> <span class='ocrx_word' id='word_1_193' title='bbox 1325 1889 1524 1951; x_wconf 50' lang='lat' dir='ltr'>propgiam</span> 
     </span>
     <span class='ocr_line' id='line_1_31' title="bbox 251 1949 1523 2000; baseline -0.011 -3"><span class='ocrx_word' id='word_1_194' title='bbox 251 1957 433 1997; x_wconf 84' lang='lat' dir='ltr'>omnibus</span> <span class='ocrx_word' id='word_1_195' title='bbox 475 1955 625 1996; x_wconf 85' lang='lat' dir='ltr'>habent</span> <span class='ocrx_word' id='word_1_196' title='bbox 677 1957 714 1996; x_wconf 86' lang='lat'>&amp;</span> <span class='ocrx_word' id='word_1_197' title='bbox 758 1956 991 2000; x_wconf 77' lang='lat' dir='ltr'>differentiae</span> <span class='ocrx_word' id='word_1_198' title='bbox 1037 1949 1352 1998; x_wconf 84' lang='lat' dir='ltr'>similitudinibus</span> <span class='ocrx_word' id='word_1_199' title='bbox 1393 1952 1523 1984; x_wconf 85' lang='lat' dir='ltr'>mmUS</span> 
     </span>
     <span class='ocr_line' id='line_1_32' title="bbox 252 2010 692 2054; baseline 0 -1"><span class='ocrx_word' id='word_1_200' title='bbox 252 2010 471 2054; x_wconf 86' lang='lat' dir='ltr'>numerosae</span> <span class='ocrx_word' id='word_1_201' title='bbox 500 2011 604 2052; x_wconf 87' lang='lat' dir='ltr'>sunt.</span> <span class='ocrx_word' id='word_1_202' title='bbox 638 2013 692 2053; x_wconf 92' lang='lat' dir='ltr'>V.</span> 
     </span>
    </p>
   </div>
   <div class='ocr_carea' id='block_1_3' title="bbox 255 2197 865 2408">
    <p class='ocr_par' dir='ltr' id='par_1_10' title="bbox 255 2197 865 2408">
     <span class='ocr_line' id='line_1_33' title="bbox 255 2197 861 2253; baseline -0.003 -11"><span class='ocrx_word' id='word_1_203' title='bbox 255 2201 370 2242; x_wconf 76' lang='lat' dir='ltr'><strong>Ordo</strong></span> <span class='ocrx_word' id='word_1_204' title='bbox 402 2210 422 2239; x_wconf 92' lang='lat'>1</span> <span class='ocrx_word' id='word_1_205' title='bbox 454 2197 621 2239; x_wconf 58' lang='lat' dir='ltr'>Amida.-</span> <span class='ocrx_word' id='word_1_206' title='bbox 640 2200 769 2253; x_wconf 84' lang='lat' dir='ltr'>Caput</span> <span class='ocrx_word' id='word_1_207' title='bbox 788 2213 861 2240; x_wconf 90' lang='lat' dir='ltr'>co-</span> 
     </span>
     <span class='ocr_line' id='line_1_34' title="bbox 461 2254 861 2295; baseline 0 -1"><span class='ocrx_word' id='word_1_208' title='bbox 461 2255 594 2294; x_wconf 82' lang='lat' dir='ltr'>nicum</span> <span class='ocrx_word' id='word_1_209' title='bbox 690 2254 861 2295; x_wconf 79' lang='lat' dir='ltr'>thorace</span> 
     </span>
     <span class='ocr_line' id='line_1_35' title="bbox 465 2310 865 2362; baseline 0.008 -13"><span class='ocrx_word' id='word_1_210' title='bbox 465 2310 640 2362; x_wconf 76' lang='lat' dir='ltr'>longius,</span> <span class='ocrx_word' id='word_1_211' title='bbox 662 2310 865 2353; x_wconf 77' lang='lat' dir='ltr'>Antennae</span> 
     </span>
     <span class='ocr_line' id='line_1_36' title="bbox 467 2363 707 2408; baseline 0.004 -1"><span class='ocrx_word' id='word_1_212' title='bbox 467 2363 707 2408; x_wconf 66' lang='lat' dir='ltr'>ensiformes,</span> 
     </span>
    </p>
   </div>
  </div>
 </body>
</html>
