1687 2799
155 176 414 218 {usne-u
446 163 1174 222 CoLEoPmERA.Chrysome1a.
1231 165 1323 226 125.

429 277 523 318 Fal).
558 289 633 317 nec
655 276 756 328 apud
776 275 820 313 de
845 271 958 313 Geer.
994 277 1039 315 In
1065 289 1192 314 enum.
1213 288 1319 316 vero

430 346 504 386 pro
531 331 617 386 syn.
645 330 841 370 indicatur
869 329 1000 383 chrys.
1025 330 1318 382 rubro-cuprea

433 388 594 427 Entom.
623 386 745 438 paris.
780 392 824 434 15
847 398 858 434 3
887 384 954 424 sed
979 397 1062 425 non
1087 385 1193 431 rite,
1225 397 1314 425 nam

432 442 505 482 alae
530 442 673 482 rubrae.
701 442 753 480 V.

49 552 267 608 Polygoni.
298 565 365 596 20.
394 554 442 593 C.
491 554 508 604 (
535 553 583 591 de
616 550 655 590 la
695 548 871 590 renouce
905 551 924 601 )
961 559 1082 591 ovata
1119 548 1319 600 caerulea,

434 607 603 648 thorace
635 604 850 644 femoribus
885 617 1044 658 anoque
1079 604 1188 646 rufis.
1216 607 1238 652 ’ἶ

380 663 576 715 Raj.1·nf.
608 670 699 698 100.
721 658 939 698 scarabaeus
968 670 1007 710 4.

381 719 546 758 Reaum.
576 715 646 763 infi
678 723 716 765 3.
743 722 775 752 t.
809 721 873 764 17.
895 713 936 765 f.
970 720 1034 763 15.

381 771 446 812 De
482 770 610 818 Geer,
643 766 711 807 26.

384 825 537 879 Schaeffi
567 825 666 863 icon.
696 832 729 862 t.
759 818 850 862 161.
874 822 916 877 f.
945 831 986 874 4.
1014 836 1052 862 a.
1085 823 1124 864 b.

383 881 478 921 Fab.
507 889 573 933 43.
771 878 780 890 ⁴

382 936 528 976 Etzum.
564 944 655 986 142.
1162 947 1164 949 ·

382 991 503 1031 Μίλῑῖ.
531 990 620 1029 Lin.
652 987 757 1029 Nat.
791 987 842 1029 cl.
877 999 925 1028 V.
946 1003 992 1039 p.
1031 997 1123 1042 172.

381 1047 490 1091 Poda
520 1061 580 1097 gr.
609 1050 648 1095 β.
673 1060 717 1095 p.
753 1054 821 1097 27.

387 1101 476 1152 Obs.
511 1100 808 1153 Entomologici
844 1098 1015 1139 variant.
1053 1099 1173 1151 Apud
1208 1098 1325 1142 Lz'nrz.

439 1157 525 1196 haec
551 1157 686 1211 chrys.
723 1154 777 1194 est
801 1154 992 1194 crioceris
1020 1163 1046 1205 4
1072 1153 1192 1207 Geoff.
1222 1158 1327 1208 apud

443 1211 648 1262 Scbumk,
677 1208 848 1262 ejusdem
874 1208 1095 1249 melolonta
1124 1210 1327 1261 caerulea3

410 1281 412 1284 ’
440 1268 544 1320 apud
572 1267 618 1306 de
651 1265 764 1305 Geer.
791 1262 914 1317 Geoffi
935 1277 1018 1303 non
1036 1264 1183 1304 citatur
1199 1295 1211 1314 ‚
1235 1265 1329 1306 inde

444 1322 646 1362 calamitas
664 1319 926 1373 synonymiae.
958 1320 1043 1358 Erit
1062 1319 1177 1358 nobis
1195 1319 1328 1374 chrys.

443 1375 640 1428 polygoni
666 1374 733 1413 illa
755 1374 866 1424 cujus
890 1372 1023 1426 elytra
1051 1375 1201 1426 punffis
1231 1388 1334 1415 con-s

443 1430 763 1474 cavis‘exarata,
785 1427 863 1466 fine
882 1428 1023 1466 ordine
1051 1428 1206 1480 digestis
1223 1430 1336 1481 quo'd‘

443 1496 529 1522 non
570 1482 764 1523 convenit
800 1478 933 1534 chrys.
976 1480 1132 1522 hordei.
1166 1483 1330 1526 Entom.

438 1537 562 1588 pan's.
608 1547 648 1588 4.
689 1534 849 1586 Insuper
895 1544 1080 1574 antennae
1120 1536 1332 1580 melolont.

357 1638 361 1644 ,
444 1591 626 1631 caeruleae
652 1589 811 1629 serratae
832 1617 846 1636 ,
873 1588 914 1626 in
953 1589 1086 1642 chrys.
1135 1591 1334 1646 polygoni

443 1646 568 1698 nigrae
580 1674 592 1693 ,
610 1642 861 1685 subclavatae.
873 1642 1046 1683 Videtur
1062 1645 1177 1684 nobis
1199 1646 1331 1701 chrys.

445 1699 628 1753 poligoni
658 1697 748 1738 effe.
1008 1716 1012 1719 ·

451 1752 575 1806 Geoffi
608 1762 645 1794 c.
674 1751 828 1792 malvae.
858 1752 1022 1794 Entom.
1047 1757 1172 1805 paris.
1201 1754 1266 1798 16.
1293 1759 1332 1800 &

391 1809 545 1862 Schaeffi
573 1809 674 1848 icon.
710 1818 743 1848 t.
773 1805 956 1859 161.fig.
990 1819 1031 1860 4.
1064 1825 1103 1849 a.
1130 1812 1167 1851 b.

355 1875 358 1878 ·
397 1863 499 1920 Hah.
528 1865 567 1903 in
595 1862 806 1917 polygono
833 1861 1024 1903 aviculari
1042 1866 1258 1915 ,acetosa
1286 1871 1335 1912 In.

450 1917 591 1958 Galliae
618 1917 772 1957 malvis.
953 1938 957 1941 ·
1251 1941 1255 1945 ,

395 1973 511 2023 Dese.
545 1975 654 2013 Inter
682 1973 855 2013 minores
888 1972 1054 2015 est‘haee
1078 1981 1334 2023 numeranda.

378 2080 380 2082 v
454 2027 580 2079 Caput
606 2028 644 2068 ὃ(
668 2026 812 2080 Elytra
842 2027 966 2068 nitida
988 2031 1303 2075 viridi-caerulea
1320 2065 1334 2085 ,

450 2082 602 2135 punc'iis
631 2081 766 2134 sparfis
800 2084 1015 2125 excavatis.
1048 2084 1090 2124 T
1086 2087 1214 2126 storax
1260 2091 1335 2130 mi—

454 2150 533 2176 nor
550 2165 561 2182 ,
589 2135 852 2176 viridi—ruber
880 2136 956 2176 seu'
978 2139 1300 2184 testaceo-ruber
1319 2175 1334 2196 ,

455 2190 630 2240 crassus,
677 2203 898 2232 convexus,
928 2192 1129 2234 Antennae
1175 2199 1332 2252 nigrae,

453 2245 705 2286 subclavatae.
724 2249 893 2287 Femora
908 2247 996 2288 rufa
1013 2264 1021 2290 ε
1038 2250 1176 2304 palmae
1192 2255 1231 2294 ni
1235 2268 1331 2308 grae.

452 2300 579 2341 Faun.
611 2309 700 2350 520.
955 2311 957 2313 '

397 2357 501 2396 Ovis
533 2358 701 2451 {tavida
727 2356 832 2404 ultra
866 2359 1075 2417 coleoptra
1101 2364 1330 2409 ventricosa

455 2422 530 2454 eva
594 2438 603 2454 .
