1633 2815
331 146 588 201 INsEcrA
617 146 1041 197 COLEOPTERA.
1072 148 1277 191 Curculio.
1348 160 1427 205 173

546 263 652 295 trum
698 256 864 296 thorace
910 254 1034 305 majus
1061 284 1074 302 ,
1103 257 1140 297 ὅ(
1183 256 1431 298 brevirostris

543 310 614 350 ille
664 311 775 362 cujus
816 309 980 349 rostrum
1019 310 1086 351 vel
1126 311 1292 352 thorace
1332 313 1431 352 bre-

547 366 638 404 vius
671 365 736 405 vel
763 365 928 405 thorace
965 378 1048 405 non
1082 365 1240 420 longius
1271 381 1279 405 :
1312 381 1431 407 men-

544 418 635 459 sura
681 430 797 472 capta
842 420 890 458 ab
927 420 1067 460 oculis.
1112 422 1333 461 Secundum
1379 422 1430 462 cl.

546 474 658 524 Scop.
707 474 910 527 proboscis
958 475 1091 514 brevis
1145 488 1191 516 ea
1240 466 1293 516 est
1345 490 1432 528 quae

544 528 721 569 thoracis
753 529 1043 583 longitudinem
1072 543 1153 570 non
1184 540 1326 583 aequat.
1357 534 1432 571 In-

549 582 665 635 super
684 585 826 624 dantur
842 584 989 635 species
1006 598 1091 635 quae
1108 596 1325 626 occurrunt
1341 600 1431 627 cum

545 635 761 677 femoribus
795 639 967 677 dentatis
1008 640 1045 678 ὅ(
1085 653 1173 679 cum
1213 640 1430 680 femoribus

544 692 734 741 muticis3
771 693 863 730 inde
893 692 1093 731 calamitas
1126 694 1324 744 juniorum
1351 710 1431 735 en—

543 744 686 785 tomol.
707 745 833 786 celeb.
859 747 904 784 de
935 745 1036 785 Geer
1061 748 1339 800 multiplicavit
1364 752 1430 789 di-

539 800 712 840 visiones
739 800 888 842 curcul.
911 800 1143 854 septemque
1173 803 1320 843 admisit
1355 818 1430 844 or-

541 855 667 896 dines.

486 910 762 964 Longirostres
788 910 1002 952 femoribus
1019 913 1219 962 dentati3‚
1247 915 1431 954 antennis

545 964 688 1006 frastis.

488 1021 725 1061 Femoribus
750 1021 984 1076 simplicibus
1014 1024 1198 1063 antennis
1228 1022 1373 1064 fraffis.

484 1076 760 1129 Longirostres
794 1108 803 1118 .
837 1108 846 1118 .
877 1107 888 1118 .
921 1107 930 1118 .
961 1079 1143 1118 antennis
1168 1079 1282 1118 rectis
1301 1108 1313 1128 ‚
1346 1081 1424 1121 &c.

485 1131 572 1170 Hec
594 1132 730 1172 divifio
753 1132 934 1172 solatium
957 1132 1104 1173 laboris
1133 1133 1282 1186 praebet
1299 1163 1313 1183 ‚
1352 1136 1430 1173 ad-

540 1186 750 1239 dendoque
793 1186 958 1228 formam
998 1198 1259 1227 antennarum
1287 1218 1301 1235 ,
1349 1188 1430 1229 hoc

540 1254 666 1293 genus
692 1242 941 1282 numerosum
969 1245 1097 1283 minus
1128 1244 1337 1285 intricaret
1366 1245 1430 1283 in-

547 1293 739 1336 senorum
767 1307 978 1339 amatores,

385 1418 406 1441 ‘⁸
433 1417 690 1469 Longiroftres
711 1421 933 1474 femoribus
951 1422 1208 1475 simplicibus.

186 1542 380 1587 Alliariae.
409 1554 447 1585 1.
475 1546 523 1586 C.
553 1548 570 1597 (
600 1548 649 1587 de
676 1546 855 1588 l'alliaire
880 1549 897 1598 )
935 1548 1183 1603 longirostris
1221 1551 1428 1594 violaceus

546 1610 672 1642 totus,
698 1604 718 1622 '²

482 1653 609 1695 Faun.
629 1657 738 1705 fieec.
773 1656 870 1710 468.
905 1659 1102 1712 „curculio
1146 1661 1425 1716 nigro-caeru-

541 1710 704 1752 lescens.

485 1763 581 1806 Fab.
611 1777 680 1818 40.

483 1820 548 1860 De
586 1820 686 1861 Geer
703 1852 717 1870 ,
748 1834 815 1878 39.

483 1875 627 1916 Enum.
660 1889 755 1919 200.

483 1930 602 1970 Miill.
635 1930 724 1974 Lin.
752 1932 857 1973 Nat.
891 1935 941 1976 cl.
969 1948 1016 1978 V.
1038 1954 1084 1988 p.
1110 1944 1207 1987 215.

489 1983 612 2038 Geoffi
643 1986 826 2029 becmare
852 1989 945 2031 bleu
984 1994 1007 2031 a
1035 1992 1133 2046 poil.

486 2038 602 2089 Scep.
631 2039 697 2090 85.

490 2093 592 2134 Hah.
629 2096 668 2134 in
714 2098 881 2151 eryfimo
904 2130 917 2150 ‚
953 2101 1101 2142 alliaria
1133 2104 1172 2144 ὅ(
1213 2100 1422 2156 affinibus:

539 2149 671 2189 caules
698 2152 919 2204 perforans.
955 2160 997 2196 In
1026 2158 1169 2198 Gallia.
1206 2153 1210 2157 *

485 2201 600 2251 Dese.
623 2207 861 2261 Magnitudo
876 2210 1030 2262 pulicis.
1050 2212 1176 2263 Caput
1191 2244 1203 2264 ,
1231 2212 1393 2253 Thorax
1407 2245 1423 2265 ‚

536 2257 687 2300 femora
713 2264 1143 2316 nigro-caerulescentia
1166 2283 1174 2307 :
1195 2270 1267 2319 fied
1292 2269 1421 2322 elytra

538 2316 660 2368 magis
690 2316 860 2359 saturate
879 2350 890 2369 ‚
927 2323 1159 2374 punstorum
1192 2334 1420 2364 excavato-

540 2381 626 2412 rum
659 2370 757 2414 striis
792 2386 966 2420 exarata.
999 2381 1098 2422 Non
1123 2377 1234 2431 salit3
1267 2376 1419 2421 curcul,
