1687 2799
295 108 563 151 tresue-u
593 107 1018 157 COLEOPTERA.
1048 113 1198 173 Silphan
1291 105 1387 177 ’79

501 231 599 259 vera
627 218 838 273 frequens,
856 222 1053 275 depressus
1072 254 1084 274 ‚
1108 239 1244 280 parum
1269 240 1388 272 cana-

507 273 692 314 liculatus
710 306 723 325 ,
754 278 927 330 undique
959 280 1088 333 niger.

450 327 548 369 Fal».
577 329 700 382 Silph.
731 338 769 384 9.

451 383 595 425 Enum.
631 384 700 436 78.

449 437 572 492 Geoffi
604 440 728 493 Silph.
759 443 1008 496 complicata.
1040 447 1135 488 Ent.
1157 452 1283 502 paris.
1307 453 1393 507 4¹2

451 494 514 532 De
547 493 646 534 Geer
666 524 679 544 ‚
715 495 751 536 le
781 497 1200 547 bouclier'raboteux.

448 548 613 599 Bergstr.
649 553 864 592 Nomencl.
903 566 940 595 1.
971 567 1037 609 23.
1074 569 1115 610 4.
1151 572 1182 600 t.
1209 572 1247 614 3.
1277 564 1318 615 f,
1348 573 1392 616 4.

445 602 545 643 Hab.
564 605 602 642 in
623 605 727 645 Casis
746 609 976 659 Lapponum
994 613 1032 652 ὅ(
1053 613 1146 653 alibi
1163 629 1234 668 per
1257 620 1391 658 Euro-

497 671 599 708 pam.
617 660 837 699 Devastans
855 662 980 714 pisces
999 667 1192 709 exficatos
1218 671 1389 726 aliaque.

458 711 548 761 Obfi
587 712 725 754 Celeb.
765 715 809 753 de
859 715 958 756 Geer
1002 718 1104 761 hanc
1154 724 1312 776 silpham
1355 730 1394 769 &

501 767 607 806 inter
641 767 780 820 silphas
815 770 985 812 &inter
1013 777 1271 820 tenebriones
1312 796 1393 821 nu-

501 831 642 861 merat.
661 823 957 876 Quamobrem?
976 830 1140 882 Ignoro.
1156 836 1261 873 Nam
1273 835 1394 889 silpha

501 876 646 930 rugosa
680 878 832 918 Linnaei
868 881 907 921 ὅ(
938 884 1124 927 tenebrio
1154 890 1320 943 rugosus
1344 892 1393 932 de

498 930 600 971 Geer
635 946 717 973 non
753 933 926 987 ejusdem
956 941 1128 992 generis.
1158 946 1210 985 V.

442 984 561 1037 Dese.
610 986 760 1040 Corpus
799 991 946 1042 ovale,
973 1007 1110 1046 parum
1155 998 1390 1055 oblongum.

508 1040 634 1093 Caput
660 1053 753 1084 ante
774 1045 958 1099 clypeum
985 1050 1194 1094 exsertum.
1222 1055 1393 1109 clypeus

501 1109 742 1149 convexus,
786 1100 919 1152 latus,
970 1106 1103 1148 antice
1145 1118 1352 1153 truncatus
1378 1143 1394 1161 ‚

501 1154 681 1205 margine
712 1157 958 1208 prominulus
974 1187 987 1206 ,
1010 1160 1216 1214 superficie
1245 1167 1286 1206 in
1305 1168 1395 1209 aliis

497 1206 634 1259 glabra
653 1218 761 1259 atra3
787 1211 828 1250 in
843 1211 929 1252 aliis
944 1214 1186 1267 pubescente
1202 1219 1392 1276 lanugine

504 1263 616 1302 caesia
632 1265 668 1304 ὅ(
687 1266 838 1316 ρυηᾶἰε
864 1270 1097 1319 prominulis
1121 1275 1228 1315 duris
1247 1277 1393 1318 tuber—

505 1317 650 1358 culata.
675 1320 821 1373 Elytra
847 1321 946 1363 striis
970 1326 1168 1380 quinque,
1198 1331 1393 1384 elevatis,

507 1371 864 1425 longitudinalibus
908 1381 926 1430 (
956 1385 1172 1423 numeratis
1203 1386 1392 1428 inclufive

503 1422 603 1465 striis
647 1427 877 1469 lateralibus
911 1461 924 1481 ,
969 1433 1049 1474 fine
1100 1438 1240 1489 quibus
1292 1441 1396 1482 striae

505 1482 628 1520 modo
660 1491 742 1521 tres
767 1483 785 1532 )
803 1510 818 1529 ‚
843 1484 948 1524 inter
976 1487 1144 1541 singulas
1173 1496 1276 1534 ordo
1297 1495 1395 1536 lon-

511 1534 738 1586 gitudinalis
759 1539 994 1589 punstorum
1020 1543 1283 1589 elevatorum.
1299 1550 1396 1591 Alae

504 1588 772 1639 nigricantes,
799 1601 844 1630 ut
870 1593 909 1632 &
937 1603 1066 1635 totum
1097 1613 1242 1653 corpus
1265 1614 1394 1646 atrum

501 1644 525 1691 (
538 1651 708 1700 excepto
725 1644 766 1683 in
784 1645 1009 1696 quibusdam
1028 1652 1140 1693 caefio
1157 1656 1303 1709 clypeo
1326 1670 1396 1700 aut

500 1696 632 1747 capite
660 1698 702 1747 ),
731 1712 900 1752 opacum
938 1704 1178 1760 minimeque
1210 1713 1393 1756 nitidum.

504 1749 706 1792 Antennae
724 1754 919 1797 clavatae:
946 1760 1118 1802 articulo
1147 1764 1287 1808 ultimo
1303 1769 1395 1810 sub-

506 1809 711 1857 rotundo,
737 1810 958 1862 penultimo
990 1813 1238 1869 lenticulari,
1279 1835 1395 1866 ante-

507 1861 728 1912 penultimo
770 1867 914 1908 conico
941 1872 1141 1914 verticali.

451 1915 582 1955 Larva
609 1916 774 1970 glabra,
817 1924 1176 1982 ovato-oblonga,
1210 1935 1392 1978 constans

500 1970 680 2013 incisuris
721 1975 933 2017 duodecim
975 1993 1147 2035 excepto
1188 1991 1318 2041 capite
1352 1994 1392 2033 ὃ(

504 2027 662 2077 cauda;
700 2037 788 2069 tota
821 2040 907 2072 atra
942 2034 1029 2086 est3
1058 2050 1176 2092 caput
1208 2057 1389 2096 parvum.

505 2078 630 2121 Faun.
660 2090 755 2133 455.

123 2182 320 2230 Sabulosa.
351 2196 415 2240 14.
444 2187 483 2229 S.
516 2190 712 2242 (perlee)
744 2193 850 2236 fusca
868 2227 881 2247 ‚
909 2197 1051 2253 elytris
1075 2203 1193 2247 lineis
1220 2210 1391 2253 elevatis

505 2244 630 2285 tribus
660 2249 845 2303 utrinque
878 2254 1079 2308 dentatis,
1121 2262 1287 2305 thorace
1322 2267 1391 2307 sub

508 2302 766 2355 emarginato.
802 2308 821 2326 '‘
851 2306 964 2360 Scop.
996 2327 1104 2355 carn.
1141 2317 1201 2364 58.

453 2354 577 2396 Faun.
604 2357 708 2408 ficec.
748 2359 841 2414 382.
877 2364 1027 2410 Caffida
1067 2371 1207 2426 nigra,
1248 2377 1389 2429 elytris
