1633 2815
157 154 412 192 INsEcrA
438 147 601 189 ΗΕΜῙ
617 153 820 187 PTERA.
841 144 1020 200 Gryllus.
1042 146 1198 201 Tettig.
1257 156 1336 200 441

450 259 532 308 hist.
570 259 642 308 ins.
668 259 789 310 paris.
828 271 1002 308 curvusj
1029 257 1182 312 gryllus
1219 257 1341 311 igitur

452 314 569 354 virid.
608 313 724 353 Linn.
759 327 854 353 vere
899 312 1046 352 locusta
1090 315 1114 352 ὰ
1163 312 1336 352 cautelas

455 368 579 422 Geoffi
611 370 649 409 &
675 370 715 408 in
743 368 821 408 hoc
847 367 1100 409 consentiunt
1117 368 1217 408 DD.
1238 367 1338 408 Fab.

451 425 498 463 de
536 423 664 469 Geer,
692 423 870 463 Schranlc
883 439 901 474 ,·
941 423 1006 463 sed
1035 424 1191 462 ratione
1224 422 1344 477 gryll.

453 476 799 519 verrucivori'non
812 477 1016 518 uniformis
1027 477 1250 518 consensus.
1264 481 1343 518 Pro

454 533 680 586 synonymo
698 535 812 573 datur
831 535 871 573 in
874 534 976 584 spec.
991 533 1081 572 Fab.
1094 532 1240 573 locusta
1254 533 1347 573 enfi-

453 587 541 628 fera
559 602 681 628 curva
696 590 756 628 n⁰.
773 600 807 628 1.
827 588 948 641 Geoffi
972 588 1038 628 sed
1055 601 1136 628 non
1153 601 1342 628 memora-

453 643 515 682 vit
534 644 579 682 de
603 642 718 681 Geer.
745 645 810 682 Ad
827 643 998 696 gryllum
1015 641 1201 683 falcatum
1219 643 1344 684 Faun.

455 696 560 749 2283
587 697 724 736 retulit
741 697 843 735 hanc
870 697 1055 736 locustam
1072 698 1128 738 D.
1146 699 1344 738 Schrank.

407 752 555 791 Variat
596 752 806 790 admodum
840 750 905 790 hic
939 751 1091 803 gryllus
1113 782 1125 800 ‚
1167 766 1250 791 non
1280 754 1347 793 so-

457 806 537 844 lum
567 804 707 844 colore
724 835 735 854 ‚
763 805 829 844 sed
857 806 1129 858 magnitudine
1163 810 1347 859 corporis

460 859 732 912 femorumque
798 859 1073 913 posteriorum.
1131 861 1214 899 Alii
1262 861 1346 902 fere

458 924 540 955 tres
578 914 744 968 pollices
786 924 970 968 aequant,
1012 915 1079 954 alii
1115 927 1155 953 2.
1196 916 1345 955 Variae

455 970 555 1009 enfis
583 971 732 1022 pariter
757 971 987 1024 magnitude
1013 971 1049 1010 &
1067 971 1207 1010 colore
1226 1002 1238 1020 ‚
1280 970 1347 1011 sed

465 1026 506 1064 in
536 1025 718 1065 omnibus
744 1025 890 1065 thorax
918 1025 1116 1065 carinatus
1149 1026 1187 1066 ὅ(
1219 1025 1351 1079 elytra

470 1080 619 1119 alarum
648 1080 914 1134 longitudine.
950 1082 1102 1120 Contra
1147 1081 1187 1120 in
1217 1081 1351 1135 gryllo

463 1134 612 1175 falcato
645 1136 775 1188 elytra
804 1135 874 1175 alis
909 1137 1063 1175 minora
1080 1137 1117 1177 &
1135 1137 1279 1175 thorax
1307 1146 1352 1175 ut

467 1191 510 1229 in
550 1190 683 1244 gryllo
722 1191 978 1240 viridiffim03
1021 1204 1119 1245 ergo
1162 1191 1350 1231 locustam

457 1246 481 1283 ὰ
518 1247 635 1294 fabre
676 1247 725 1285 ad
767 1246 938 1299 gryllum
975 1245 1162 1285 falcatum
1193 1248 1347 1299 optimo

459 1299 547 1352 jure
583 1299 721 1339 retulit
753 1301 810 1340 D.
845 1300 1039 1340 Schrank.
1066 1303 1120 1341 V.

83 1407 285 1450 Falcatus.
319 1407 358 1450 8.
391 1409 441 1450 G.
473 1411 524 1449 T.
557 1412 575 1461 (
604 1408 641 1448 la
677 1408 828 1459 saulx)
861 1410 985 1449 cauda
1013 1408 1177 1450 enfifera
1205 1424 1347 1452 recur-

465 1473 574 1504 vata.
610 1463 732 1505 Faun.
762 1463 885 1517 2283.

410 1519 521 1570 Scop.
557 1530 650 1573 322.

412 1575 556 1614 Enum.
583 1574 678 1628 467.

413 1630 572 1669 Entom.
595 1630 719 1680 paris:
751 1630 979 1671 vermivora
1009 1640 1048 1670 2.

409 1683 564 1738 Sclzaeffl
591 1685 691 1724 icon.
723 1695 754 1724 t.
779 1685 872 1739 236.
894 1687 936 1739 f.
958 1695 994 1725 1.
1013 1696 1052 1725 2.
1072 1695 1166 1739 3.4.
1205 1685 1354 1726 Forsan

465 1750 496 1778 t.
525 1750 616 1790 242.
642 1741 682 1792 f.
717 1748 749 1788 5.
779 1739 817 1781 6.

409 1794 521 1833 Podcz
546 1811 607 1845 gr.
629 1812 673 1846 p.
704 1803 766 1844 52.

414 1849 519 1889 Hab.
550 1851 589 1888 in
618 1851 766 1890 arbutis
792 1854 962 1905 Europae
988 1850 1220 1903 Galliaeque.

410 1902 526 1952 Dese.
545 1905 694 1946 Pallide
713 1907 868 1956 virens3
897 1918 1079 1945 antennae
1098 1906 1323 1960 longiffimae
1341 1938 1354 1957 ‚

463 1958 624 2009 elycra,
662 1960 732 2000 alis
770 1961 941 2014 hyalinis
982 1960 1107 2000 multo
1155 1962 1352 2015 longiora.

470 2012 511 2051 T
507 2014 632 2052 lzorax
666 2028 747 2054 non
781 2017 981 2055 carinatus
1007 2017 1044 2056 ὅ(
1072 2025 1116 2055 ut
1153 2017 1193 2055 in
1222 2017 1355 2071 gryllo

467 2069 694 2110 viridiffimo
725 2071 823 2110 enfis
857 2070 1121 2124 ferrugineus.
1150 2074 1203 2112 V.

89 2177 230 2197 *****
261 2179 489 2218 LOCUSTA.
524 2177 659 2218 Calida
682 2181 870 2232 simplex.
902 2180 1100 2220 Antennae
1122 2180 1352 2234 filz'formes.

90 2285 296 2347 Migrato-
327 2299 365 2342 9.
398 2289 447 2330 G.
479 2290 524 2328 L.
558 2292 576 2340 (
601 2288 638 2329 le
667 2303 878 2344 voyageur
908 2293 925 2342 )
973 2290 1139 2331 thorace
1176 2291 1352 2332 subcari-

118 2353 212 2383 nus.
468 2353 565 2383 nato
584 2375 597 2393 ‚
617 2344 821 2399 segmento
851 2348 971 2387 unico
991 2377 1002 2396 ‚
1034 2348 1164 2399 capite
1183 2347 1326 2386 obtuso
1339 2376 1351 2396 ,

467 2398 632 2440 maxillis
664 2401 772 2442 atris.
804 2403 824 2449 ἢ
855 2401 977 2453 Scap,
1010 2416 1117 2442 carn.
1148 2411 1239 2453 323.
