1633 2815
230 79 308 135 576
444 58 810 119 ANALYTICA*
833 87 898 120 ET
943 80 1277 125 COMPARAQ
1421 105 1458 136 η

395 170 452 210 D.
480 170 648 211 Linnaei.
1054 176 1112 217 D.
1139 177 1187 216 de
1218 175 1350 218 Geeri.

224 263 338 305 Oculi
364 265 423 304 IV
442 292 455 311 ‚
498 264 655 306 duobus
684 264 801 320 supra
820 296 835 317 ‚
896 268 1011 309 Oculi
1042 271 1116 312 IV.

275 319 433 361 duobus
458 319 579 362 infra.
892 323 1299 389 Pedes-‚posteriores
1328 336 1356 380 4
1385 334 1508 368 nata-

949 389 1062 421 torn.

278 581 370 633 obs.
405 582 622 637 Amphibia
671 590 718 623 ut
758 582 903 637 dytisci
943 583 1143 626 larvarum
1183 582 1346 628 historia
1382 601 1404 628 a
1443 587 1506 630 D„

219 636 570 749 {ilggzcl'efietaenvnffis
588 640 702 680 acad.
729 640 852 694 regiae
869 640 1022 682 Sueciae
1038 654 1145 683 anno
1174 651 1304 697 1770,
1330 657 1369 698 p.
1398 654 1480 698 324
1498 673 1513 694 ‚

306 788 746 835 BYRRHUS·
972 788 1425 834 DERMESTES.

215 878 422 921 Antennae
454 881 625 926 clavatae
643 917 657 937 ‚
691 886 835 928 subso-
892 882 973 923 Sub
995 884 1075 926 hoc
1090 900 1240 940 genere
1267 886 1325 926 D.
1343 887 1389 926 de
1410 885 1514 926 Geea

275 936 366 978 lidae
381 966 394 987 ,
427 936 743 996 subcompreffae.
949 954 1018 979 rus
1037 942 1220 995 Byrrhos
1230 943 1324 997 [ysi.
1343 942 1513 984 inclusxt.

279 1687 370 1739 Obs.
400 1688 553 1740 Byrrus
587 1687 709 1740 pilula
740 1687 795 1730 est
824 1686 961 1739 cistelae
1007 1696 1133 1741 genus
1174 1686 1234 1729 D.
1283 1685 1410 1742 Geoff.
1447 1684 1513 1729 sed
1586 1750 1589 1751 ⁷

225 1744 295 1786 sub
325 1745 469 1785 eodem
496 1756 646 1798 genere
676 1757 699 1785 a
728 1744 786 1786 D.
818 1744 916 1785 Fab.
945 1742 1141 1784 servatus.
1169 1745 1223 1786 V.

355 1838 700 1880 SILPHA.
1037 1837 1374 1878 SILPHA.

219 1931 427 1974 “Antennae
465 1931 691 1973 extrorsum
725 1933 839 1976 cras·
896 1930 1098 1972 Antennae
1137 1930 1362 1973 extrorsum
1401 1930 1513 1971 cras-

279 1990 415 2029 fiores.
953 1988 1075 2028 fiores
1094 1986 1328 2041 plerumque
1345 1995 1510 2026 trunca-

224 2045 373 2099 Elytra
404 2045 641 2098 marginata.
950 2053 1004 2083 tae
1022 2042 1089 2083 vel
1110 2042 1349 2096 perfoliatae.

229 2100 356 2152 Caput
383 2102 627 2155 prominens.
896 2098 939 2141 T
936 2100 1063 2139 horax
1082 2098 1348 2152 planiusculus
1366 2127 1379 2146 ,
1403 2110 1515 2137 mar-

951 2155 1143 2208 ginatus,
1170 2163 1290 2207 caput
1319 2165 1403 2194 non
1440 2161 1513 2193 te-

954 2223 1067 2263 gens,

900 2265 1048 2318 Elytra
1082 2265 1302 2320 marginata
1330 2293 1344 2311 ,
1382 2263 1508 2317 repli-

955 2329 1060 2362 cata.

1204 2413 1263 2456 D.
1299 2411 1513 2467 Geoffloyi.
