1633 2815
278 123 360 170 218
414 129 675 168 hvszcrA
709 125 1120 167 COLEOPTERA.
1150 123 1385 171 Attelabus‘:

660 234 763 276 facie
783 236 832 275 ad
850 234 1023 290 reliquas
1039 237 1248 277 accedens.
1273 234 1398 287 Caput
1415 238 1549 278 enim
1531 264 1551 290 ς

657 292 767 343 quod
803 301 935 331 totum
976 293 1133 346 nigrum
1164 292 1201 332 ὅ(
1228 302 1384 342 atrum,
1416 306 1548 333 exeo-

658 346 772 386 riatae
800 346 930 399 vulpis
962 356 1081 400 caput
1116 345 1255 388 refert.
1292 349 1415 387 Caret
1443 349 1553 388 enim

662 400 791 441 rostro
822 400 1052 455 elongato,
1081 401 1148 442 sed
1186 401 1413 442 breviffimo
1450 416 1551 456 gau-

659 457 761 505 det,
787 456 853 496 eui
879 465 1065 496 antennae
1091 458 1217 511 nigrae
1244 457 1423 503 innatae,
1451 458 1552 496 arti-

661 510 760 551 culo
801 509 938 550 infimo
984 511 1146 563 reliquis
1195 525 1278 552 non
1320 512 1505 565 longiore
1537 526 1548 551 ε

663 578 777 617 caput
811 565 960 618 postice
989 565 1252 618 elongatum,
1284 581 1359 607 nec
1392 567 1554 608 thoraci

662 621 909 669 immersum,
928 621 1028 660 utin
1044 621 1218 673 reliquis.
1239 619 1278 660 T
1275 622 1401 661 horaz·
1419 623 1555 661 antice

666 686 754 717 ater
780 675 865 725 est,
882 676 943 715 uti
960 686 1102 729 caput,
1118 689 1226 729 pone
1249 689 1351 716 vero
1372 677 1489 717 ruber
1508 685 1558 715 ut

659 730 807 784 elytra.
825 706 972 784 E'lytra
988 730 1162 771 saturare
1181 731 1300 770 rubra
1314 731 1553 785 ,oblonga‚

661 786 813 838 punctis
842 786 1048 826 excavatis
1067 785 1212 825 striata.
1240 785 1404 825 Femora
1424 800 1464 826 ni
1494 793 1553 825 ra.

663 841 880 881 Scutellum
897 840 997 880 dorsi
1013 850 1141 880 atrum
1162 840 1229 880 est.
1259 840 1384 880 Faun.
1403 800 1499 894 63ἕ.

610 896 753 938 Variat
781 896 946 950 pedibus
978 897 1103 951 nigris
1132 905 1202 936 aut
1229 895 1358 939 rubris
1388 897 1426 937 ὅ(
1455 895 1558 936 tho-

662 964 755 992 race
782 951 1070 992 atro-lineato.
1099 954 1153 993 V.

281 1062 506 1104 Atellanae.
533 1074 573 1103 2.
602 1062 659 1104 A.
687 1065 705 1114 (
734 1063 783 1104 de
809 1061 847 1101 la
875 1059 1079 1111 noisette)
1114 1061 1253 1116 niger,
1274 1060 1443 1116 elytris,
1471 1059 1564 1101 thoe

607 1131 758 1213 1723oe
788 1116 1029 1171 pedibusque
1055 1116 1200 1157 rubris..

639 1188 659 1212 a
693 1202 702 1212 .
734 1184 770 1213 1.

609 1228 763 1282 Schaeffi
793 1229 893 1268 icon.
924 1237 955 1267 t.
989 1225 1049 1276 56.
1074 1227 1116 1280 f.
1149 1234 1183 1276 5.
1214 1225 1253 1267 6.
1553 1260 1560 1267 .

610 1283 712 1323 Hah.
751 1285 790 1323 in
827 1283 977 1337 corylis
1008 1283 1246 1323 Germaniae.
1275 1281 1334 1323 D.
1353 1281 1560 1324 Schreber.

668 1342 714 1378 In
746 1338 891 1378 Gallia.
917 1340 971 1379 V.

611 1393 728 1443 Defc.
770 1392 914 1433 Similis
940 1393 1031 1432 Att.
1073 1391 1204 1446 coryli
1238 1392 1304 1432 sed
1343 1391 1490 1432 thorax
1516 1392 1556 1432 ὅῑ

667 1450 819 1502 pede5‚
849 1448 1027 1500 exceptis
1054 1448 1263 1501 genubus,
1293 1448 1421 1501 nigra.

613 1503 703 1543 Att.
739 1502 1166 1557 coryli&avellanae‚
1193 1516 1268 1556 pro
1298 1505 1435 1543 eadem
1463 1501 1559 1555 spe·-

666 1559 759 1605 cie,
794 1558 932 1598 habuit
963 1557 1021 1598 D.
1054 1557 1151 1597 Fah.

285 1668 503 1708 Curcul-o-
532 1677 571 1720 3.
599 1667 654 1707 A.
685 1666 765 1716 (la
803 1666 963 1718 laque)
1006 1665 1158 1718 niger,
1196 1663 1365 1704 thorace
1394 1662 1560 1718 elytris-

313 1737 377 1763 no
372 1725 466 1766 des.
671 1735 747 1774 que
777 1720 920 1760 rubris.

615 1775 728 1827 Scop.
756 1790 867 1816 carn.
888 1785 959 1830 72.
988 1774 1169 1815 curculio
1199 1774 1346 1815 nitens.
1401 1816 1403 1819 ,

614 1831 714 1872 Fab.
752 1842 772 1884 3

618 1886 654 1925 G
656 1885 740 1940 eoff'
776 1885 1118 1937 becmare-laque.

615 1996 769 2050 Schaeffi
808 1997 910 2036 icon.
937 2007 970 2036 t.
995 2003 1065 2048 75.
1084 1996 1125 2049 f.
1152 1993 1190 2034 8.

618 2052 717 2093 Hah.
754 2053 793 2090 in
822 2051 973 2106 corylis
1009 2050 1249 2091 Germaniae.
1280 2047 1336 2089 D.
1355 2046 1563 2090 Schrebers

674 2111 717 2147 In
749 2107 892 2147 Gallia.

617 2162 761 2202 Similis
790 2164 882 2202 Att.
915 2160 1074 2214 coryli,
1101 2159 1166 2200 sed
1201 2159 1346 2199 minor.

618 2219 760 2258 Variat
787 2204 926 2258 colore
958 2215 1146 2255 testaceo.
1176 2216 1230 2255 V.

293 2327 545 2370 Meianurus.
571 2337 612 2382 4.
655 2328 709 2366 A.
756 2327 773 2377 (
812 2326 850 2366 le
896 2324 1097 2364 me'lanure
1143 2324 1160 2375 )
1215 2323 1329 2378 niger
1354 2350 1369 2372 ‚
1414 2321 1556 2377 elytris

665 2380 856 2426 testaceis
882 2380 996 2435 apice
1024 2379 1160 2434 nigris.
