1633 2815
191 149 276 193 174
342 141 598 180 INSECTA
631 135 1054 180 COLEOPTERA.
1086 136 1295 183 Curculio.

575 243 677 284 viol.
720 245 930 286 simillimus
963 276 975 296 ‚
1032 245 1098 286 sed
1147 246 1282 299 paullo
1323 246 1466 301 maior.

579 298 727 350 Corpus
749 303 952 354 (exceptis
979 301 1119 354 elytris
1136 303 1152 350 )
1172 315 1252 341 non
1272 312 1313 342 ut
1333 303 1373 341 in
1390 303 1462 343 illo

573 364 715 394 atrum.
740 357 807 394 An
839 355 952 396 sexus
969 356 1039 396 vel
1065 358 1193 397 aetatis
1223 357 1429 397 discrimen
1450 361 1469 397 ’ἕ

575 408 700 449 Faun.
733 409 824 460 580.

193 538 394 591 Cyanens,
422 548 463 577 2.
492 537 540 576 C.
573 534 717 587 (bluet
732 535 753 585 ),
777 533 1022 588 longirostris
1050 544 1135 575 ater
1158 566 1171 586 ,
1209 537 1350 591 elytris
1375 539 1467 579 vio-

583 591 705 631 laceis
724 620 736 639 ‚
776 589 942 633 scutelle
969 590 1076 630 albo.
1105 594 1125 611 '‘

523 645 618 686 Fah.
646 656 716 696 41.

525 701 588 740 De
609 699 733 749 Geer,
764 710 830 751 41.
1428 753 1435 757 ἱ

520 755 620 794 Hah.
655 755 694 793 in
730 757 919 808 Europa,
961 756 1149 809 imprimis
1187 757 1227 796 in
1273 757 1469 801 salicibus.

577 814 621 850 In
651 809 798 849 Gallia.
825 813 877 851 V.

521 865 638 916 Dese.
669 866 913 919 Magnitudo
939 865 1092 920 pulicis.
1127 865 1276 918 Caput,
1308 866 1472 907 Thorax

580 923 620 963 &
646 921 770 960 Pedes
801 930 916 971 atra,
956 923 1107 974 punffis
1139 923 1307 961 minimis
1340 937 1467 964 exca-

577 977 684 1017 vatis
721 976 910 1029 adspersa.
959 976 1102 1029 Elytra
1143 977 1327 1016 violacea
1371 978 1399 1017 s.
1447 992 1470 1018 e

577 1031 1033 1085 nigro-caerulescentia‚
1046 1033 1276 1085 punROrum
1294 1046 1471 1072 excava—

579 1095 715 1126 torum
740 1086 838 1126 striis
869 1096 1045 1126 exarata.
1074 1087 1198 1126 Pedes
1231 1085 1471 1141 ferruginei,

581 1143 722 1194 quibus
743 1156 824 1182 non
844 1141 944 1181 salit.
966 1142 1182 1182 Seutellum
1210 1141 1262 1180 est
1288 1144 1471 1196 punflum

585 1197 729 1238 album.
757 1197 881 1237 Faun.
915 1195 1006 1248 581.

239 1324 417 1365 Craccae.
449 1333 491 1377 3·
521 1323 568 1364 C.
610 1324 626 1373 (
654 1324 702 1362 de
731 1322 769 1362 la
799 1322 906 1363 vesse
938 1322 1190 1374 multiflore)
1229 1324 1476 1379 longirossris

586 1379 702 1431 niger
730 1387 902 1424 ovatUS,
932 1378 1059 1419 rostro
1089 1379 1270 1420 subulam
1289 1411 1302 1431 ,
1342 1382 1472 1421 abdo-

587 1434 693 1472 mine
717 1432 881 1485 pallido.

535 1488 635 1528 Fab.
667 1498 736 1539 42.

527 1544 594 1584 De
626 1542 754 1591 Geer,
781 1554 849 1595 43.

531 1598 630 1638 Hah.
662 1598 701 1635 in
736 1598 852 1636 viciae
884 1611 1035 1639 craccae
1068 1598 1292 1641 seminibus.
1330 1600 1480 1640 Ycken-

585 1653 692 1701 berg.
727 1650 848 1692 Geod.
877 1655 920 1691 In
949 1654 1091 1693 Gallia.
1124 1658 1176 1695 V.

532 1707 689 1758 Corpus
742 1708 1007 1756 magnitudine
1045 1709 1218 1758 pediculi
1244 1740 1256 1757 ,
1307 1691 1476 1762 nigrzm'z.

587 1763 727 1814 Elytra
749 1761 890 1810 striata
912 1763 1022 1811 striis
1062 1763 1271 1803 latitudine
1304 1767 1476 1816 intersti-

587 1817 744 1854 tiorum.
788 1817 1066 1856 Antennarum
1093 1820 1246 1870 primns
1286 1822 1478 1860 aniculus»

587 1872 782 1920 testaceus.
812 1873 1080 1922 Oculifitbtus
1109 1874 1235 1914 ciliati
1254 1905 1266 1924 ‚
1287 1877 1477 1927 imprimis

589 1926 630 1965 in
662 1927 863 1976 mafiulis.
890 1931 1061 1968 Femora
1089 1932 1249 1971 marica.

212 2055 478 2112 Campanulae.
509 2065 550 2110 4.
584 2057 633 2097 C.
677 2059 695 2108 (
735 2058 784 2098 de
827 2057 864 2097 la
909 2059 1182 2112 campanule)
1233 2057 1480 2112 longirostris

535 2167 574 2207 F
592 2113 708 2206 ἳῐὲθι·
739 2123 884 2153 ovatus
904 2144 917 2164 ‚
945 2115 1085 2169 elytris
1111 2115 1266 2155 striatis.

569 2182 591 2205 a
625 2197 633 2206 .
695 2179 731 2208 1.

536 2221 601 2262 De
628 2178 739 2262 -G3eer
758 2253 772 2271 ,
811 2235 879 2277 23.

541 2276 640 2318 Hah.
691 2279 729 2316 in
785 2280 1027 2332 campanulae
1067 2279 1340 2320 rotundifoliae
1370 2280 1479 2334 peri-

595 2333 738 2392 carpiis
774 2333 1024 2384 incrassatis,
1075 2334 1228 2375 corolla
1277 2348 1357 2374 non
1401 2337 1480 2376 rite

594 2386 846 2444 dehiscente,
864 2388 965 2444 stylo
980 2388 1204 2433 incrassato.
1220 2393 1267 2433 In
1279 2389 1480 2432 GalfiaN.
