1633 2815
266 88 362 150 “590
504 96 853 134 ANAthmA
899 102 965 135 ΕΤ
1006 92 1346 140 ΕοΜΡΑῃΑτι

335 183 427 233 Obs.
446 193 481 222 τ.
494 183 622 237 Hujus
635 187 795 239 generis
815 199 961 226 nomen
979 186 1218 240 transposuit
1238 188 1294 228 D.
1315 189 1361 228 de
1382 184 1531 228 Geerus·
1548 199 1569 236 5

273 241 324 280 ad
343 239 632 284 ,tenebrionem
666 240 851 282 foss'orem
885 241 1035 281 Linnoei
1057 258 1069 293 3
1095 257 1194 298 ergo
1215 244 1283 285 sub
1311 245 1452 284 eodem
1482 258 1565 284 no-

271 295 378 335 mine
422 297 461 335 in
508 297 673 337 diversis
715 297 1003 352 entomologiis
1036 329 1049 348 ‚
1077 299 1242 341 histeres
1264 332 1274 350 ,
1303 300 1565 340 tenebriones

269 351 424 391 Linnaei
449 353 486 393 ὅτ
517 351 573 393 D.
607 352 732 407 Geoffi
761 353 927 394 attelabi
969 355 1238 406 reperiuntur.
1279 356 1441 409 Insuper
1475 368 1566 408 pars
1590 361 1603 374 '⁷

261 407 541 449 attelaborum
585 409 654 449 sub
681 410 845 450 nomine
877 409 1004 459 cleri,
1033 422 1128 462 pars*
1149 411 1255 453 inter
1275 411 1530 453 curculiones
1549 441 1563 460 ,

267 476 360 516 pars
403 464 510 505 inter
539 465 800 514 cerambvces
829 497 841 516 ‚
873 479 962 519 pars
1000 464 1069 505 sub
1099 479 1248 520 genere
1285 467 1564 509 colliurusin-

221 538 228 558 i
269 519 376 562 clusa
403 535 415 570 3
448 535 548 577 ergo
578 522 656 562 hoc
687 535 813 576 genus
850 522 970 562 valde
1001 521 1233 562 dilaniatum
1265 523 1353 563 fuit.
1387 526 1438 564 V.

256 583 259 587 ’
329 574 418 626 Obfi
461 589 495 617 L.
544 579 610 618 An
639 578 714 618 hac
758 579 995 631 opinionum
1022 578 1252 620 diverlitate
1293 579 1563 619 infirmaretur

271 633 506 674 Linaeanum
530 634 729 689 systema?
754 635 926 674 Minime
946 635 1068 674 credo
1090 650 1100 685 3
1119 634 1185 674 sed
1213 635 1370 675 tarfium
1401 635 1563 675 metho-

265 690 321 730 do
357 689 528 732 fulciens
564 690 660 735 clar.
701 691 746 729 de
790 689 941 729 Geerus
975 720 988 738 ‚
1042 703 1063 729 a
1096 692 1309 744 generibus
1344 691 1564 745 systematis

266 744 482 787 abscedere
511 746 727 799 aliquoties
759 745 834 785 fuit
866 746 1038 786 coaetus.
1082 748 1147 786 Sic
1176 749 1214 786 in
1256 747 1440 800 praesenti
1471 745 1562 787 casu

266 815 318 841 ex
373 801 453 842 hoc
497 816 648 857 genere
687 832 699 851 ‚
751 801 970 842 attelabum
1019 802 1316 843 ceramboiclem
1359 804 1481 854 ejecit
1523 803 1562 842 &

253 857 374 898 'inter
405 859 666 912 cerambyces
694 857 934 911 'relegavit-3
966 857 1016 898 fic
1048 855 1236 898 fofforem
1278 859 1560 898 tenebrionem

263 912 335 952 sub
355 914 424 954 suo
444 927 595 968 genere
616 912 779 952 attelabi
817 913 1039 952 collocavit
1057 927 1064 951 :
1086 913 1151 952 sed
1169 913 1265 953 licet
1282 917 1438 953 tarlium
1468 926 1559 952 me-

264 969 416 1008 thodus
435 967 642 1022 ingeniosa
660 969 697 1007 &
715 967 823 1006 utilis
851 967 895 1006 sit
917 999 928 1014 ,
957 968 1101 1007 oculos
1128 967 1386 1008 nihilominus
1413 967 1558 1021 fatigat

262 1022 416 1065 lentem
443 1022 529 1064 fere
557 1025 754 1064 continuo
782 1024 908 1077 exigit
931 1054 941 1068 ‚
978 1023 1015 1063 &
1048 1022 1191 1063 insecta
1217 1024 1383 1064 multum
1401 1019 1559 1064 diversa

261 1077 411 1134 jungit.
429 1084 596 1119 Naturae
610 1079 874 1120 caracteribus
895 1077 1174 1119 deficientibus
1187 1108 1197 1124 ,
1214 1090 1324 1120 notae
1339 1079 1558 1121 caracteris-

264 1138 358 1175 ticae
377 1136 578 1177 faciliores
594 1135 880 1176 conservandae
896 1135 997 1174 sunt.
1013 1136 1215 1175 Praeterea
1233 1135 1425 1175 fastidium
1445 1136 1559 1175 exci-

261 1200 324 1231 tat
342 1192 427 1232 haec
455 1192 664 1232 vacillatio
687 1220 697 1235 ‚
718 1204 793 1231 nec
813 1192 861 1229 ad
878 1190 1054 1230 scientiae
1070 1189 1314 1244 progressum
1334 1191 1456 1230 utilis.
1480 1191 1558 1230 Ge-

261 1260 360 1287 nera
402 1247 621 1302 syssematis
651 1261 778 1298 augeo
799 1249 831 1285 la
859 1277 868 1289 ,
904 1247 1034 1298 aliqua
1067 1245 1173 1286 forte
1201 1247 1448 1286 emendanda
1477 1246 1554 1286 effe

260 1301 397 1344 fateor
418 1335 430 1353 ‚
463 1305 569 1356 quod
600 1300 735 1343 facere
764 1317 842 1342 non.
871 1303 984 1341 ansus
1014 1332 1025 1348 ‚
1066 1313 1318 1355 exequentur
1345 1303 1411 1342 alii
1455 1304 1558 1343 doc-

261 1360 389 1400 tiores
426 1373 648 1412 eorumque
684 1372 807 1412 opera
842 1390 853 1407 ,
905 1359 1075 1399 scientiae
1118 1359 1290 1398 naturali
1334 1372 1385 1399 eo
1430 1359 1554 1412 magis

261 1417 543 1457 commodiora
567 1417 674 1469 quod
690 1416 728 1455 in
763 1415 991 1458 clientelam
1011 1416 1162 1458 Linnaei
1177 1416 1334 1471 plantas
1353 1416 1393 1459 δι
1408 1415 1553 1457 insecta

247 1471 455 1515 ‘audacius
494 1471 663 1515 ferrent.
698 1474 753 1515 V.
