1687 2799
238 155 500 199 Insssc‘rA
529 152 954 195 COLEOPTERA.
983 153 1227 198 Dermestesl
1313 158 1366 211 ‘45

491 262 744 317 longitudine
772 263 999 317 posterioris
1022 265 1217 318 corporis.
1250 264 1378 318 Caput

491 319 625 358 antice
665 317 778 372 supra
817 329 1022 360 exaratum
1046 321 1083 360 &
1111 320 1213 372 quast
1238 319 1377 364 fiffum.

488 372 530 413 T
527 374 651 412 lzorax
667 374 908 428 cylindricus
920 405 932 424 ‚
951 374 1067 415 latus.
1084 375 1223 428 Elytra
1239 374 1315 415 bafi
1330 378 1379 418 ad

488 430 645 482 {livida
661 434 696 474 ὅ(
715 433 832 474 fascia
860 433 994 475 versus
1022 436 1173 487 apicem
1199 434 1380 477 obsolete

488 487 627 529 livida.
664 489 864 528 Antennae
895 489 1090 539 clavatae,
1118 488 1231 530 clava
1259 492 1384 531 triar-

495 542 676 584 ticulata.
711 544 836 583 Pedes
870 545 989 584 etiam
1015 543 1265 598 ferruginei,
1292 546 1385 586 bre-

491 597 672 639 viusculi.
707 597 834 638 Faun.
868 609 964 652 409.

102 709 305 749 Undatus.
340 718 379 761 3.
411 709 464 748 D.
495 709 514 759 (
531 708 670 756 onde)
703 707 816 760 niger
835 737 847 756 ,
884 706 1026 760 elytris
1058 707 1177 751 fascia
1209 710 1297 761 alba
1329 710 1384 752 li-

489 762 600 801 neari
627 761 776 815 duplici
801 761 1008 802 undulata.
1032 764 1051 782 *

436 816 534 857 Fab.
565 816 603 857 6.

433 927 590 982 Sc,¹zaeff.
626 902 726 968 i’con]
755 939 786 967 t.
813 936 904 983 157.
932 929 971 981 f.
1000 939 1040 982 7.

438 983 539 1022 Hah.
572 984 612 1022 in
640 985 810 1036 Europae
842 985 1024 1037 putridis.
1055 985 1100 1023 In
1131 984 1274 1026 Gallia.
1294 988 1349 1027 V.

443 1037 562 1088 Dese.
584 1039 828 1092 Magnitudo
843 1069 854 1088 ,
873 1039 1000 1093 figura
1020 1069 1032 1088 ‚
1060 1038 1196 1081 facies.
1224 1043 1276 1080 D.
1309 1041 1387 1080 lar-

494 1093 624 1143 darii,
664 1093 732 1133 sed
769 1094 900 1148 elytra
935 1094 1083 1148 duplici
1115 1095 1220 1136 linea
1251 1096 1385 1136 trans-

492 1148 606 1188 versa
635 1148 724 1188 alba
749 1149 786 1189 &
807 1148 998 1189 undulata
1022 1159 1162 1190 notata
1178 1180 1190 1200 ,
1219 1164 1384 1203 quarum

491 1203 616 1244 altera
629 1204 677 1244 ab
688 1204 813 1245 altera
831 1204 947 1245 valde
964 1215 1131 1246 remota.
1144 1205 1268 1246 Faun.
1285 1217 1384 1258 410.

106 1312 250 1353 Pellio.
278 1324 322 1366 4.
350 1316 405 1356 D.
441 1315 517 1367 (le
549 1314 735 1368 pelletier
759 1318 779 1366 )
815 1316 929 1370 niger
946 1346 958 1366 ,
996 1315 1217 1370 coleoptris
1235 1316 1388 1372 pum-‘lis

491 1370 590 1410 albis
617 1370 734 1410 binis.
766 1372 787 1391 ³*
817 1371 932 1422 Scop.
962 1386 1072 1421 carn.
1103 1382 1168 1425 37.

441 1425 588 1474 Frifih.
617 1426 687 1473 ins.
725 1433 758 1472 5.
785 1437 815 1464 t.
841 1424 881 1464 8.

441 1477 566 1530 Sultz.
596 1480 668 1527 inf.
699 1490 731 1519 t.
761 1489 801 1517 2.
821 1481 863 1530 Γ.
897 1486 931 1526 5.
969 1478 1007 1517 6.

441 1533 506 1572 De
528 1532 628 1572 Geer
646 1562 657 1582 ,
687 1542 725 1584 3.

446 1587 571 1639 Geoffl
610 1598 651 1636 4.

440 1641 536 1693 Raj.
565 1641 636 1690 infi
665 1639 730 1690 85.
761 1649 827 1694 35.

436 1695 593 1750 Sclzaeffi
626 1697 726 1737 icon.
759 1708 790 1738 t.
815 1707 883 1749 42.
903 1698 945 1751 Γ.
973 1708 1016 1750 4.

439 1751 584 1791 Enum.
621 1749 688 1803 48.

440 1806 542 1846 Hah.
570 1807 612 1845 in
640 1809 812 1860 Europae
847 1808 1008 1849 cibariis
1030 1838 1042 1859 ‚
1083 1810 1266 1863 pellibus.

436 1861 554 1912 Defi.
609 1860 757 1913 Corpus
808 1873 975 1903 ovatum
1018 1873 1160 1907 atrum.
1201 1870 1390 1911 Punstum

495 1916 627 1957 album
657 1918 697 1956 in
725 1917 876 1972 smgulo
912 1918 1048 1973 elytro
1067 1950 1079 1970 ‚
1118 1932 1162 1962 ut
1190 1923 1228 1964 ὃ(
1254 1924 1391 1966 claufis

495 1971 640 2026 elytris
667 1974 747 2012 duo
775 1974 918 2026 punCla
943 1974 1032 2015 alba
1058 1977 1098 2015 in
1123 1978 1241 2019 dorso
1272 1992 1391 2034 appa-

493 2036 624 2067 reant.
653 2026 753 2067 Sunt
782 2037 946 2076 tamen,
973 2030 999 2069 s1
1025 2032 1150 2083 probe
1177 2033 1389 2087 adspicias,

502 2092 538 2130 5.
567 2082 642 2121 alia
669 2083 812 2134 punaa
843 2083 932 2123 alba
951 2115 964 2134 ‚
995 2086 1034 2125 S.
1061 2101 1182 2127 unum
1217 2091 1265 2128 ad
1298 2090 1393 2131 scu-

497 2136 637 2176 tellum
684 2135 840 2177 dorsale
863 2168 876 2187 ‚
920 2153 1040 2179 unum
1087 2144 1276 2196 utrinque
1321 2146 1390 2186 ubi

500 2192 649 2243 pestus*
690 2193 912 2233 adnectitur
959 2195 1100 2249 elytris
1132 2228 1144 2247 ‚
1193 2200 1231 2240 ὅ(
1274 2214 1395 2241 unum

499 2246 652 2286 lineare
693 2247 733 2286 in
774 2247 926 2302 fingulo
966 2251 1100 2304 elytro
1132 2254 1270 2294 versus
1308 2256 1395 2309 ejus

499 2300 607 2340 basm
635 2331 648 2350 ‚
698 2315 785 2353 quae
828 2304 1001 2357 quinque
1046 2309 1188 2359 pundla
1235 2312 1394 2350 minima

494 2355 590 2395 sunt
634 2357 672 2397 ὅ(
714 2358 754 2395 in
802 2359 1031 2409 quibusdam
1066 2363 1180 2415 plane
1220 2365 1392 2414 absunt,

502 2420 678 2464 excepto
710 2413 856 2466 pundko
894 2413 1007 2456 scuti.
1049 2417 1225 2470 Venter,
1265 2420 1393 2459 Pedes
