1687 2799
324 121 410 174 '124
464 124 725 163 Insi-:crA
757 113 1179 162 COLE'OPTERA.
1212 119 1489 176 Chrysomela.⁴

705 231 892 270 antennis
935 230 1058 284 nigris
1085 261 1099 280 ,
1145 230 1285 285 elytris
1336 227 1601 271 abbreviatis:

705 283 760 323 It.
785 286 896 334 sdan.
928 296 1023 325 210.

652 337 766 389 Scop.
797 355 909 380 carn.
945 350 1039 398 193ἶ
1071 340 1260 394 buprestis
1288 340 1542 394 syngen‘esiae.

651 391 752 434 Hah.
783 395 823 434 in
857 395 1154 448 hypochaeridis
1185 397 1391 437 maculatae
1419 395 1598 436 floribus.

325 501 608 557 Vulgatiffima.
632 501 698 544 18.
726 504 774 543 C.
804 507 823 556 (
846 504 1089 555 commune)
1119 505 1446 561 oblongo-ovata
1473 515 1600 546 caeru-

705 558 768 599 lea
786 590 797 609 ‚
828 561 1013 600 antennis
1042 559 1120 600 bas1
1149 559 1400 615 ferrugineis.
1434 564 1454 581 '‘

650 614 763 665 Scop.
793 629 901 655 carn.
930 625 1024 655 222.
1066 615 1289 656 coccinella
1318 615 1602 670 vulgatissima·

656 669 799 710 Enum.
833 668 923 709 126.

651 724 772 764 Mz'ill.
804 724 891 765 Lin.
924 723 1030 766 Nat.
1060 725 1111 764 cl.
1148 736 1195 765 V.
1220 742 1264 777 p.
1296 736 1389 780 171.

653 779 752 818 Fab.
782 790 851 833 79.

650 834 715 874 ‚De
752 833 884 884 Gar,
916 845 984 888 23.

646 888 751 929 Hah.
780 890 817 929 in
851 893 1023 944 Europa.
1058 893 1102 930 In
1137 890 1276 931 Galliae
1302 891 1497 932 salicibus.
1517 893 1573 931 V.

654 945 802 985 Differt
824 958 846 984 a
865 945 1043 997 sequenti
1064 948 1169 998 quod
1187 946 1313 996 major
1327 977 1338 995 ,
1368 960 1448 986 non
1466 958 1606 995 aenea,

703 999 768 1039 sed
809 1001 979 1040 caerulea
1013 1001 1051 1041 ὃ(
1077 1002 1200 1053 magis
1232 1001 1421 1054 oblonga.

651 1054 769 1105 Dese.
808 1054 956 1105 Corpus
990 1055 1129 1095 colore
1161 1055 1292 1109 chrys.
1320 1054 1549 1095 armoraciae
1571 1053 1601 1094 s.

705 1109 872 1150 obscure
894 1110 1152 1151 caerulescens
1179 1110 1208 1151 s.
1233 1125 1385 1150 aeneum
1405 1111 1572 1150 nitidum
1586 1137 1603 1156 ‚

706 1175 748 1205 at
786 1166 909 1219 magis
949 1164 1168 1220 oblongum
1196 1194 1211 1213 ,
1258 1179 1374 1218 quam
1419 1174 1601 1205 ovatum.

706 1220 832 1261 Faun.
867 1230 956 1274 517.

653 1275 743 1326 Obfi
776 1276 916 1330 Elytra
954 1276 1105 1329 punffis
1149 1277 1340 1316 concavis
1366 1273 1594 1329 longitudi-

704 1330 851 1371 naliter
885 1330 1041 1384 digestis
1071 1331 1187 1370 teffi’ffl.
1224 1331 1288 1370 De
1319 1329 1434 1370 Geer.

321 1385 542 1434 Vitellinae.
571 1396 636 1441 19.
671 1388 720 1427 C.
770 1390 790 1438 (
826 1387 877 1425 du
922 1385 1162 1426 saule-osier
1202 1387 1220 1436 )
1273 1395 1397 1426 ovata
1454 1384 1601 1425 viridi-

705 1441 890 1481 caerulea.
924 1441 945 1460 ³*

650 1495 914 1550 Chrysomela
931 1496 1033 1536 aenei
1049 1494 1213 1536 coloris.
1232 1475 1357 1535 Faim.
1376 1496 1484 1545 fitec.
1505 1489 1605 1546 426.

650 1552 754 1600 Roes.
790 1552 859 1600 insi
889 1562 928 1590 2.
955 1553 1063 1600 fcar.
1103 1561 1140 1603 3.
1163 1567 1207 1602 p.
1244 1560 1278 1600 5.
1312 1563 1339 1592 t.
1381 1561 1420 1590 1.

649 1606 794 1646 Enum.
834 1613 927 1657 135.
1237 1627 1242 1633 ·

650 1661 768 1712 Beyt.
805 1657 901 1699 Zur.
942 1657 1046 1698 Nat.
1077 1674 1121 1709 p.
1150 1657 1217 1712 63.
1251 1658 1291 1712 §-
1322 1666 1356 1707 ς.

650 1714 773 1755 ῙΛιΞΖί.
806 1713 893 1753 Lin.
926 1713 1031 1754 Nat.
1062 1713 1112 1755 cl.
1144 1725 1192 1754 V.
1217 1729 1260 1765 p.
1290 1724 1384 1767 171.

649 1768 714 1809 De
749 1768 847 1807 Geer
869 1799 881 1817 ‚
918 1779 986 1821 27.

648 1824 744 1864 Fal).
774 1822 906 1877 chrys.
935 1822 1003 1878 78.

649 1878 764 1930 Scop.
798 1889 893 1930 224.

649 1933 750 1975 Hah.
775 1935 814 1972 in
842 1933 1021 1975 salicibus
1048 1933 1195 1988 glabris
1214 1934 1461 1989 populoque.
1486 1934 1602 1975 Folia

704 1989 839 2030 subtus
883 1990 1117 2030 consumens
1146 2021 1158 2039 ‚
1212 1993 1303 2030 dum
1352 1990 1601 2043 pascuntur,

707 2045 832 2085 larvae
849 2043 1111 2097 disponuntur
1132 2059 1201 2098 per
1227 2046 1351 2085 lineas
1377 2044 1601 2097 parallelas.

652 2099 768 2150 Desc.
806 2102 901 2140 Haec
932 2101 1144 2140 mediocris
1169 2100 1449 2154 magnitudinis
1468 2129 1480 2148 ‚
1509 2108 1599 2138 tota

705 2169 729 2195 e
761 2154 883 2194 rubro
916 2169 1026 2195 aenea
1074 2155 1100 2195 s.
1144 2158 1243 2195 aenei
1285 2154 1401 2207 politi
1446 2153 1598 2193 coloris

708 2209 777 2250 vel
800 2210 918 2249 etiam
933 2211 1157 2263 nigricante
1173 2209 1272 2249 aenei
1290 2208 1453 2250 coloris.
1469 2208 1597 2248 Faun.

711 2274 801 2316 519.

657 2318 748 2368 obs.
793 2318 982 2371 Litigiosa
1026 2319 1079 2360 est
1120 2318 1375 2374 haec'chrys.
1420 2321 1465 2358 In
1506 2314 1600 2370 fyst.

711 2372 833 2428 Geoffi
863 2387 947 2417 non
989 2375 1150 2418 citatur.
1187 2377 1280 2417 Nec
1313 2377 1354 2415 in
1379 2371 1604 2429 specimusq

801 2433 807 2453 Ι

1061 1857 1071 1885 1
