1687 2799
0 1522 27 1564 δ,

348 123 1199 198 PRAELOQUIUM.
1335 126 1421 191 xiii

158 213 310 271 miam
355 215 495 275 auxi,
547 214 632 269 sed
685 213 953 280 unicuique
996 213 1133 280 quod
1186 211 1250 266 ad
1303 229 1423 265 eum

160 296 410 366 pertinet,
460 296 682 352 attribui.
721 298 847 350 Haec
884 293 1257 360 Entomologiae
1293 292 1426 361 Syst.

156 379 318 436 editio
368 379 787 446 descriptionibus
846 376 1010 429 Faun·
1076 373 1228 433 Suec.
1282 379 1430 432 locu·-

157 462 411 526 pletatur3
447 481 574 528 opus
609 481 779 516 rarum
811 461 864 515 &
899 460 1245 516 neceffarium.
1291 459 1427 533 Quae

159 544 337 598 desunt
377 541 775 609 descriptiones,
823 542 873 598 in
908 542 1105 597 Musaeo
1140 540 1266 595 Lud.
1311 542 1430 601 Ulr.

164 626 304 683 haufi
327 643 411 681 aut
443 646 507 680 ex
542 626 649 680 aliis
668 627 875 680 desumfi
899 641 984 679 aut
1003 627 1066 678 de
1094 646 1213 681 meo
1228 627 1433 692 addidi;

159 709 247 764 sed
273 728 418 764 novae
441 707 631 774 species
665 706 771 759 fere
793 706 992 772 semper
1012 705 1230 772 propriis
1260 707 1434 763 verbis

166 791 501 860 Entomologi
536 789 868 857 apparebunt.

228 874 515 943 Regionem
540 876 841 940 Europaeam
862 894 891 927 a
913 871 1063 927 Linn.
1084 872 1232 929 nimis
1249 894 1434 932 coarc-

161 974 320 1015 tatam
355 957 559 1014 dilatavi
583 956 890 1024 plurimaque
910 955 1168 1010 individua
1186 956 1405 1023 Europae
1417 998 1436 1022 ‚

153 1046 269 1099 sunt
305 1041 568 1109 restituta3
608 1063 686 1097 ex,
710 1062 784 1108 gr.
805 1043 926 1108 Pap·
959 1039 1152 1106 Fidia,
1187 1039 1437 1093 Mnemo-

149 1130 282 1195 Jytze
304 1168 317 1187 ‚
357 1123 504 1178 Belia
529 1169 543 1191 ,
597 1125 844 1192 Eupheno
868 1169 880 1188 ,
923 1126 1154 1180 Rumina
1178 1147 1200 1189 ‚·
1245 1123 1439 1191 Sphinx

172 1206 341 1271 Cafrcz
360 1228 382 1271 ;
437 1209 676 1263 Lucanus
742 1207 1021 1272 Capreolus
1044 1228 1064 1265 ς
1130 1209 1436 1265 Scarabaeus

165 1289 211 1345 S
215 1309 334 1343 acer
342 1312 364 1354 ;
385 1290 538 1355 Hispa
564 1287 801 1356 Testae->ea
818 1311 840 1353 ;
861 1289 1131 1346 Cicindela
1152 1290 1392 1357 Capenfis
1410 1309 1436 1354 ,-

162 1370 498 1439 Myrmeleon
516 1366 821 1434 Barbarum,
848 1369 1220 1433 Libellaloides,
1238 1372 1443 1425 Formi-

163 1449 349 1516 calynx
370 1489 383 1512 ,
421 1453 521 1505 &a
564 1471 668 1505 non
698 1452 857 1504 solum
898 1467 957 1511 ut„
977 1452 1198 1519 Europae
1220 1497 1234 1519 ,
1268 1455 1352 1508 sed
1386 1470 1444 1510 ut

169 1531 347 1588 Galliae
402 1534 548 1591 Aust.
602 1536 780 1589 incolae
835 1539 1210 1601 praesentantur·
1259 1537 1446 1594 Nostri

168 1611 350 1668 Musaei
369 1613 552 1668 infesta
565 1613 904 1670 indefinente'r
920 1632 1035 1672 ante
1049 1621 1228 1674 oculos
1238 1621 1446 1679 fuerunt

169 1695 275 1755 five
309 1696 371 1750 ad
402 1696 810 1762 comprobandas
844 1696 1066 1762 species,
1103 1698 1205 1754 five
1244 1703 1307 1755 ad
1345 1703 1446 1758 dif-

170 1776 413 1831 ferentias
458 1777 751 1832 indicandas
790 1799 802 1832 ε
849 1779 937 1833 ubi
988 1781 1231 1848 dubium,
1280 1786 1446 1843 Ento-

172 1863 410 1926 mologos
451 1859 675 1915 consului
713 1859 1180 1929 praecipuorumque
1217 1886 1281 1921 ex
1318 1887 1444 1923 con-

171 1945 311 1999 sensu
353 1944 700 2011 synonymiam
759 1947 885 2010 saepe
937 1947 1224 2004 emendavi.
1270 1949 1444 2017 Expe-

173 2027 355 2084 rientia
424 2026 607 2083 doffihis
651 2065 665 2089 ,
748 2028 1139 2094 unumquodque
1202 2033 1446 2091 volumen

170 2110 354 2179 duplici
390 2108 556 2164 indice
589 2108 919 2165 terminatur:
956 2111 1097 2177 prior
1132 2115 1441 2174 relationem

75 2207 79 2210 ⁴
169 2193 543 2259 Entomologiae
611 2191 761 2247 DD.
822 2189 883 2244 de
964 2192 1100 2245 Geer
1129 2229 1148 2255 ,
1208 2194 1443 2267 Geoffroy

172 2277 227 2332 F
224 2274 507 2345 abriciique
528 2295 643 2330 cum
660 2273 859 2326 Linnaei
874 2274 1239 2343 Entomologia
1261 2278 1441 2341 offert:

176 2363 378 2423 nomina
412 2361 623 2417 trivialia
658 2360 912 2429 posterior
953 2361 1135 2418 exerit.
