1633 2815
287 141 547 181 {stc‘rA
577 134 997 179 COLEOPTERA.
1027 136 1216 194 Leptura.
1301 140 1390 195 271

442 243 598 299 Schaeffl
631 246 730 285 icon.
763 256 795 285 t.
827 244 951 299 38.f.
979 256 1022 301 7.

442 301 538 342 Fab.
569 300 767 342 callidium
799 300 864 354 36.

443 356 544 396 Hah.
575 357 616 396 in
645 359 819 410 Europa.
866 359 910 396 In
947 355 1088 399 Galliae
1127 358 1258 401 hortis
1303 373 1387 403 non

498 425 621 452 raras.
656 414 708 453 V.

440 467 557 518 Defi.
585 467 646 507 Est
672 476 761 507 tota
783 466 1060 523 fusco-nigra,
1085 469 1261 525 oblonga
1278 499 1291 517 ,
1319 485 1391 512 an-

505 522 627 577 gusta.
662 521 702 561 T
699 523 824 562 llorax
841 525 1019 577 margine
1042 524 1244 577 superiore
1261 526 1391 570 flavus

501 577 570 618 est.
599 577 816 618 Scutellum
831 578 898 617 ubi
917 578 1048 632 elytra
1065 580 1390 635 conjunguntur,

500 634 647 686 punem
678 632 786 673 flavo
805 641 985 673 notatur.
1013 635 1082 674 Ad
1104 637 1273 689 angulos
1298 637 1392 691 ely-

501 697 656 728 trorum
695 686 849 727 macula
883 686 1089 742 oblonga,
1139 691 1392 743 transversa,

500 743 542 782 in
589 751 762 794 utroque
805 741 972 795 elytro‚
1008 757 1096 795 quae
1142 745 1266 785 ambae
1307 760 1392 787 non

500 806 667 837 coeunt.
702 799 745 836 In
786 798 918 836 medio
955 796 1077 851 elytri
1102 800 1304 853 utriusque
1337 801 1393 842 est

498 851 605 891 linea
638 851 766 901 flava,
812 860 1000 898 arcuata,
1028 852 1180 894 flexura
1206 856 1391 896 deorsum

501 907 699 960 spectante
717 938 730 957 ‚
757 908 859 959 pede
888 908 1084 949 interiore
1113 908 1250 950 versus
1273 910 1393 951 sutu-

498 974 582 1002 ram
611 976 700 1002 cum
737 961 916 1015 opposita
942 961 1027 1003 fere
1061 967 1235 1005 coeunte
1254 995 1267 1015 ‚
1297 965 1394 1007 hinc

498 1017 625 1072 figura
661 1018 828 1067 arietis;
872 1018 977 1057 intra
1020 1018 1124 1060 hanc
1158 1021 1195 1061 &
1239 1021 1394 1074 apicem

499 1073 606 1113 linea
651 1071 873 1112 transversa
918 1072 1023 1113 flava
1074 1088 1164 1114 cum
1213 1076 1394 1129 opposita

499 1141 714 1178 connexa3
756 1141 858 1180 apex
883 1127 1107 1182 elytrorum
1132 1129 1260 1171 flavus
1288 1161 1300 1181 ,
1347 1139 1394 1171 ut

500 1184 539 1224 &
576 1196 687 1223 anus.
731 1184 862 1235 Caput
899 1212 913 1234 ,
968 1183 1116 1224 thorax
1173 1186 1212 1226 &
1257 1186 1390 1240 elytra

497 1238 615 1278 viliis'
652 1239 879 1291 tenuissimis
935 1240 1039 1279 testa
1087 1240 1190 1280 sunt.
1243 1242 1392 1296 Elytrcz

502 1294 614 1346 apice
641 1303 856 1341 truncata,
899 1293 996 1334 licet
1037 1304 1152 1334 extus
1185 1310 1267 1349 prae
1301 1297 1393 1349 pilis

501 1350 572 1388 vix
600 1349 826 1399 conspicue.
848 1349 971 1387 Pedes
986 1348 1254 1397 rufescentes‚
1283 1352 1393 1392 tibiae

503 1402 611 1454 spina
631 1403 868 1442 terminatae.
889 1402 1089 1442 Ameana·
1118 1404 1362 1446 rufescentes
1378 1435 1392 1455 ,

505 1457 672 1508 superne
719 1455 851 1496 fuscae.
888 1456 985 1495 Alae
1018 1459 1109 1498 dum
1146 1472 1282 1511 parum
1320 1462 1395 1500 de-

504 1509 660 1552 hiscunt
689 1511 820 1564 elytra
848 1521 1216 1565 aurato-purpurea
1238 1514 1389 1556 lucent.

507 1566 642 1607 Lineae
670 1575 697 1618 4
728 1565 843 1606 fiavae
881 1566 950 1606 sub
1002 1567 1226 1610 abdomine.
1265 1570 1390 1610 Faurz.

507 1621 603 1675 695.

113 1724 297 1776 Praeusta.
330 1743 397 1789 27.
430 1730 464 1774 'L
508 1734 524 1782 (
549 1731 587 1771 la
613 1731 751 1772 brfflee
767 1731 784 1781 )
803 1730 972 1773 thorace
992 1731 1232 1787 subgloboso
1252 1735 1391 1785 fusco,

502 1787 644 1842 elytris
689 1787 804 1827 flavis
852 1788 965 1840 apice
1009 1790 1132 1842 nigris
1162 1820 1176 1840 ,
1226 1791 1393 1844 pedibus

505 1852 677 1896 quatuor
701 1842 872 1896 pallidis,
902 1844 922 1863 ⁴*

446 1899 569 1939 Fam.
596 1899 703 1948 suec.
742 1897 833 1947 506.
883 1897 1040 1952 leptura
1071 1900 1215 1954 nigra,
1249 1901 1392 1956 elytris

501 1954 614 1993 flavis
639 1953 751 2006 apice
786 1953 922 2006 nigris.

455 2008 710 2062 Geoffparis.
743 2019 839 2062 209.
871 2023 910 2048 n.
938 2020 978 2062 4.

448 2064 543 2104 Fab.
577 2063 740 2116 saperda
765 2071 832 2112 25.

449 2113 603 2172 Sclzaeffi
635 2119 735 2158 icon.
764 2129 795 2158 t.
828 2126 890 2168 52.
913 2119 954 2173 f.
979 2120 1016 2160 8.

446 2174 562 2225 Scop.
595 2173 708 2214 Arm.
735 2174 817 2223 hist.
848 2187 935 2224 nat.
975 2184 1008 2224 ς,
1031 2186 1122 2230 103.
1157 2177 1225 2219 80.

450 2229 550 2269 Hah.
579 2230 619 2268 irz
648 2232 820 2281 Europa.
855 2233 901 2270 In
930 2231 1074 2271 Gallia.

444 2284 560 2335 Desb.
589 2285 671 2325 Vix
702 2284 887 2337 pediculo
916 2287 1037 2339 duplo
1059 2287 1188 2339 major
1206 2317 1218 2335 ‚
1257 2289 1390 2343 cylin«.

500 2340 610 2380 drica
625 2370 637 2387 ‚
669 2340 797 2394 nigra.
816 2340 1014 2381 Antennae
1035 2345 1285 2396 longitudine
1307 2344 1390 2384 fere

508 2395 704 2447 corporis.
742 2394 888 2449 Elytra
916 2396 1050 2448 flava,
1093 2400 1206 2450 apice
1238 2400 1351 2450 nigra
1373 2427 1388 2449 ,
