1633 2815
215 110 296 166 396
359 113 619 152 Inuca-A
649 109 1059 152 CoLEoP‘rERA.
1090 109 1315 153 Tenebrio:

213 220 464 262 Globulosus.
481 219 547 275 38.
577 222 627 260 T.
674 222 693 271 (
717 219 756 260 Ie
801 204 1072 275 globuleuffi')
1121 231 1207 263 ater
1241 252 1256 274 ‚
1306 221 1442 264 scaber
1456 227 1479 272 ,ἶ

590 275 759 316 thorace
785 275 968 329 globoso.

538 331 636 372 Hah.
665 331 704 371 in
731 330 876 372 Gallia.

647 441 713 481 Ex
745 441 905 483 Entom.
935 441 1050 493 Scop.

209 552 469 596 ventricosus
483 564 547 608 39.
576 554 627 593 T.
661 553 742 604 (le
782 561 930 594 ventru
973 552 991 602 )
1037 551 1237 606 nigricans
1278 560 1470 607 apteru5‚

592 608 658 663 ely
660 610 733 649 tris
750 609 862 669 apice
879 607 1077 649 connatis.
1089 607 1316 649 Abdomine
1330 618 1472 657 ovate,

591 665 769 719 turgido.
816 673 819 679 “

537 719 679 759 Enum.
704 729 800 771 417.

534 773 635 814 Hah.
663 774 700 814 in
741 773 956 815 suffocatis.

679 885 744 924 Ex
773 885 865 935 nost.
894 883 996 935 Mus.

232 996 441 1051 Dentipes.
471 1006 539 1050 40.
569 998 620 1037 T.
652 995 731 1048 (la
761 995 878 1036 cuiffe
911 995 1075 1041 armee,
1112 994 1269 1046 strie'e)
1311 1003 1471 1048 apterus

589 1052 733 1105 niger,
762 1051 930 1092 thorace
961 1051 1179 1103 punstato‚
1214 1050 1355 1102 elytris
1383 1050 1467 1089 sul-

587 1107 716 1155 catis,
743 1106 842 1147 striis
871 1107 998 1146 tribus
1025 1105 1227 1154 elevatis,
1254 1104 1470 1145 femoribus

590 1137 732 1202 antici’s
772 1164 892 1202 dente
925 1161 1062 1202 valido
1099 1161 1271 1200 armatis.

533 1217 632 1257 Hah.
660 1217 699 1256 in
726 1217 868 1258 Gallia.
897 1215 1007 1256 Aust.
1263 1243 1266 1248 -

533 1275 643 1313 Inter
667 1271 839 1325 majores
866 1272 1155 1323 numerandus,
1173 1271 1241 1312 sed
1272 1283 1355 1311 non
1370 1270 1475 1312 inter

589 1340 795 1369 maximos.

233 1439 444 1495 Dentipes.
473 1449 542 1492 41.
573 1441 624 1480 T.
659 1441 676 1492 (
702 1439 739 1505 ia
772 1438 890 1481 cuiffe
923 1438 1088 1489 armee5
1123 1437 1204 1478 liffe
1230 1438 1250 1489 )

533 1495 880 1645 gssxiigoldhmilis
919 1549 1198 1605 praecedenti,
1234 1547 1301 1589 sed
1342 1548 1470 1602 ertra

605 1619 718 1646 aevla.

203 1715 437 1757 Rufescens,
466 1727 533 1770 42.
563 1718 614 1756 T.
646 1718 664 1767 (
688 1713 726 1756 le
752 1715 952 1756 roussatre
976 1715 995 1764 )
1022 1714 1222 1755 rufescens
1243 1743 1257 1763 ,
1284 1713 1433 1754 nitidus
1449 1740 1465 1761 ,

518 1798 520 1800 -
586 1771 699 1825 supra
731 1773 769 1812 ὃ(
794 1771 895 1811 infra
922 1770 1132 1811 concolor.

534 1825 634 1868 Hah.
669 1843 709 1866 ιη
744 1826 873 1866 Gallia
909 1825 1022 1866 Aust.

205 1937 459 1992 Angustatus.
474 1949 542 1994 43.
573 1941 625 1980 T.
668 1939 912 1990 (letroit)
966 1935 1091 1978 alatus
1133 1935 1294 1987 fuscus,
1344 1935 1462 1977 valde

589 1994 831 2048 angustatus.

530 2050 631 2090 Hah.
657 2051 695 2089 in
728 2049 870 2090 Gallia.

531 2105 622 2155 Obs.
641 2136 642 2139 η
660 2107 796 2145 Genus
836 2105 991 2146 tenebr.
1019 2104 1149 2145 adhuc
1181 2103 1464 2144 elaborandum

584 2162 623 2201 &
655 2159 760 2201 forte
789 2160 944 2200 tarfium
975 2160 1167 2199 methodo
1205 2160 1356 2211 indiget
1374 2187 1385 2206 ‚
1413 2170 1465 2196 ne

582 2216 723 2266 aliquae
739 2215 886 2268 species
917 2214 1212 2255 confundantur
1244 2227 1333 2254 cuin
1368 2211 1461 2264 qui-

590 2269 750 2311 busdam
774 2269 903 2324 chrys.
939 2271 977 2311 &
1005 2269 1137 2310 carab.
1166 2271 1218 2309 V.
