1633 2815
215 104 478 173 Iussicrt.
506 113 877 170 HEMIPTERA.
896 128 1059 176 Cicada.
1079 136 1228 182 Ranat.
1283 138 1369 200 463

89 233 337 280 Flavicollis.
353 247 422 279 20.
453 237 503 278 C.
534 238 586 279 R.
618 240 635 291 (
661 238 700 279 le
727 240 868 282 collier
898 241 1050 298 jaune)
1069 245 1176 290 fusca
1194 277 1209 301 ,
1238 250 1370 306 capite

478 291 728 348 thoraceque
754 296 883 338 flavis.
908 299 930 320 '⁸
966 327 970 331 -

419 346 518 388 Fab.
546 350 621 390 cle.
649 361 716 405 29.

416 404 562 444 Enum.
594 405 707 458 480?

419 458 520 499 Hah.
550 460 590 499 in
625 464 800 515 Europa.
838 467 884 505 In
911 466 1042 508 Gallia
1068 469 1180 511 Aust.
1204 473 1257 514 V.

419 513 537 564 Defi.
574 517 765 572 Spumans
789 533 812 560 e
841 521 1077 565 minoribus.
1107 525 1203 567 Alae
1230 527 1369 572 fusco-

472 569 730 625 ferrugineae.
757 574 883 616 Faun.
913 575 1008 631 891.

164 677 304 720 Flava.
336 690 406 721 21.
438 681 486 721 C.
519 683 571 721 R.
606 685 624 733 (
650 682 685 722 13
725 684 845 736 jaune
873 686 892 736 )
919 686 1025 729 flava
1055 691 1256 736 unicolor.

419 734 545 776 Gron.
577 738 710 787 zooplz.
746 737 840 780 681.

412 790 560 831 Enum.
588 801 686 845 497.

413 843 538 884 Mzill.
570 845 661 887 Lin.
692 846 798 889 Nat.
829 849 880 891 cl.
910 861 958 892 v.
978 867 1020 902 p.
1049 852 1147 907 463.

413 898 515 942 Hah.
543 901 583 941 in
616 903 791 956 Europa.
826 907 872 946 In
903 906 1048 950 Gallia.
1075 912 1128 951 V.

75 1009 317 1064 Interrupta.
336 1019 403 1051 22.
419 1011 468 1052 C.
487 1014 538 1052 R.
558 1014 577 1065 (
593 1013 921 1069 l'interrompue)
942 1017 1084 1072 elytris
1105 1019 1242 1072 flavis,
1260 1023 1365 1066 linea

466 1068 580 1121 nigra
608 1069 755 1122 duplici
784 1073 1010 1126 interrupta
1030 1074 1366 1129 longitudinalist

409 1122 499 1162 Pet.
525 1139 612 1175 gaz.
644 1137 673 1165 t.
703 1125 770 1165 61.
790 1128 831 1180 f.
857 1138 921 1166 10.

413 1176 537 1231 Geoffi
571 1180 695 1230 paris}
731 1192 767 1222 Ι.
792 1198 839 1233 p.
868 1193 965 1236 419.
997 1200 1036 1225 n.
1096 1214 1106 1226 .

413 1233 559 1274 Enum.
585 1245 683 1287 494.

409 1288 530 1328 Miill.
564 1289 653 1330 Lin.
697 1289 800 1332 Nat.
837 1292 887 1332 cl.
921 1304 969 1334 V.
994 1311 1037 1346 p.
1068 1295 1165 1351 463.

407 1342 526 1395 Fuefl.
558 1344 629 1394 infi
658 1344 774 1385 Helv.
807 1357 874 1398 24.
906 1347 1005 1398 462e

404 1396 470 1436 De
496 1396 596 1437 Geer
623 1410 718 1439 tom.
741 1401 943 1454 3.p.186.
971 1415 1079 1446 t.12.
1103 1408 1144 1460 f.
1163 1406 1300 1452 6.-ῙῙ.

405 1450 503 1491 Fal).
535 1454 610 1493 εἰς.
641 1464 710 1505 24.

405 1505 506 1546 Hab.
538 1509 577 1546 in
609 1512 786 1563 Europa.
820 1514 862 1551 In
895 1513 1039 1555 Gallia.

408 1561 526 1612 Defi.
557 1564 803 1618 Magnitudo
832 1568 938 1608 inter
969 1570 1141 1623 majores
1165 1575 1358 1618 nostrates

459 1617 625 1671 species.
672 1618 773 1659 Tota
819 1622 922 1662 flava
967 1625 1059 1671 est,
1106 1627 1171 1667 sed
1219 1631 1357 1673 claufis

465 1673 609 1726 elytris
629 1705 640 1722 ‚
664 1677 712 1714 ad
730 1686 931 1729 utrunque
958 1678 1060 1720 latus
1090 1683 1191 1723 dorfi
1209 1714 1222 1734 ‚
1254 1686 1359 1728 linea

456 1727 762 1781 longitudinalis
811 1734 924 1786 nigra
986 1749 1074 1788 quae
1135 1740 1359 1782 interrum-

457 1784 566 1837 pitur
610 1786 650 1823 in
688 1787 822 1826 medio
870 1788 1064 1842 oblique,
1111 1806 1156 1834 ac
1196 1794 1221 1834 fi
1251 1796 1357 1839 linea

461 1838 589 1878 altera
623 1853 645 1879 a
677 1840 848 1889 thorace
894 1842 1006 1886 duffi‘ta
1055 1846 1151 1889 effet
1178 1880 1190 1899 ‚
1230 1851 1357 1893 altera

458 1893 509 1932 ab
538 1895 651 1945 apice
684 1895 860 1947 alarum3
890 1901 1014 1940 ambae
1046 1902 1143 1943 licet
1177 1907 1225 1946 ad
1252 1922 1356 1947 ean—

455 1949 547 1987 dem
572 1948 864 2002 longitudinem
882 1984 895 2003 ,
928 1969 1004 1996 nec
1037 1966 1169 1999 tamen
1197 1962 1263 2001 fibi
1285 1965 1353 2003 in-

458 2002 591 2042 vicem
622 2017 863 2048 occurentes
890 2010 928 2050 &
955 2019 1166 2065 tangentes
1198 2018 1237 2056 in
1263 2032 1354 2058 me-

457 2057 554 2107 dio3
584 2059 708 2099 ambae
738 2061 804 2112 shae
839 2062 970 2104 fasciae
1008 2066 1120 2119 juxta
1145 2070 1351 2113 thoracem

458 2115 740 2159 coadunantur
786 2118 827 2157 in
875 2133 1012 2161 unum.
1056 2126 1100 2163 In
1142 2128 1267 2178 capite
1310 2129 1352 2169 ὅ(

457 2168 616 2207 thorace
636 2171 789 2212 macula
810 2175 997 2227 utrinque
1019 2191 1194 2221 connata
1219 2183 1348 2236 nigra.

459 2222 663 2264 Antennae
704 2227 863 2270 breves.
915 2230 1042 2272 Frons
1092 2235 1196 2276 flava
1250 2238 1349 2278 striis

455 2281 642 2332 utrinque
677 2282 920 2326 transverfis.
959 2286 1084 2339 Caput
1116 2292 1153 2331 &
1199 2293 1344 2331 thorax·

459 2346 482 2372 a
513 2344 631 2389 tergo
660 2338 1021 2391 nigro-maculata.
1048 2345 1193 2398 Elytra
1213 2347 1343 2396 flava,

457 2387 563 2430 linea
606 2390 887 2446 longitudinali
929 2399 1074 2451 nigra,
1112 2402 1149 2441 ὃ(
1189 2401 1263 2441 alia
1294 2402 1342 2441 ab
