1633 2815
312 93 572 138 ῙΝςΕοΤΑ
605 90 1029 140 COLEOPTERA.
1058 98 1206 146 Elater.
1300 109 1400 163 '313

513 198 664 241 fuscum
696 216 868 259 vergens
897 207 926 247 s.
947 208 1085 251 colore
1111 212 1282 253 murino.
1307 213 1403 253 An-

512 265 640 295 tennae
683 259 723 298 in
765 262 947 302 omnibus
988 279 1008 304 a
1044 279 1105 306 me
1139 268 1227 307 visis
1259 268 1403 322 absque

512 313 632 351 ramis
661 312 762 354 sunt.
795 315 967 368 Corpus,
1001 322 1158 361 ratione
1196 325 1404 377 magnitu-

509 366 612 406 dinis
632 397 644 417 ‚
676 368 836 411 brevius
868 387 983 425 quam
1011 376 1052 415 in
1078 377 1255 429 reliquis,
1275 378 1400 422 Faun.

463 474 552 525 ObsI
569 432 698 519 3Elet.
742 491 828 536 ater
869 485 905 525 ὅτ
935 486 1048 539 niger
1085 488 1246 529 Entom.
1273 490 1399 541 parill

507 531 624 572 ambo
664 535 790 576 villofi
823 553 834 589 3
871 539 936 579 sed
975 542 1017 580 in
1059 542 1153 584 elat.
1210 547 1400 586 aterrimo

506 588 652 627 tlzorax
679 591 796 632 valde
825 597 1058 646 punstatus‚
1091 599 1130 637 in
1163 600 1279 653 nigro
1306 600 1400 653 gla-

504 641 579 682 ber
598 658 609 692 ;
639 646 739 685 adde
760 651 867 698 quod
893 653 1099 691 aterrirnus
1118 667 1199 693 non
1221 655 1401 702 confun-

504 698 655 736 dendus
689 699 743 739 est
771 715 860 741 curn
892 704 1043 746 elatere
1072 718 1121 758 14
1149 709 1272 761 Geoff'.
1306 724 1398 752 nam

503 750 546 790 in
578 750 658 793 hoc
683 756 805 806 pedes
834 758 944 798 rubri
974 760 1043 800 vel
1070 761 1307 805 fulvorubri.
1341 769 1396 808 V.

117 857 315 900 Minutus.
351 858 496 903 26.*E.
528 864 546 914 (
574 861 613 902 le
644 863 801 918 pigmee
832 868 849 918 )
882 867 1051 912 thorace
1082 872 1200 927 nigro
1231 875 1361 916 nitido
1381 905 1393 926 ,

501 916 642 972 elytris
674 921 798 974 nigris
828 922 1021 966 obscuris.

444 972 540 1013 Fab.
569 983 638 1025 41.

442 1028 541 1068 Hab.
574 1030 614 1068 in
644 1033 817 1084 Europa.
850 1037 894 1074 In
927 1037 1069 1079 Gallia.
1105 1042 1158 1080 V.

443 1085 690 1138 Magnitudo
721 1088 791 1128 vix
821 1091 939 1143 dupla
966 1094 1153 1145 pediculi.

439 1138 551 1189 Disc.
601 1140 750 1193 Corpus
808 1153 937 1186 totum
1000 1150 1169 1202 nigrum.
1225 1150 1392 1192 Thorax

497 1195 650 1248 glaber.
680 1197 827 1251 Elytra
857 1201 1024 1244 obscure
1052 1204 1197 1246 striata.
1220 1209 1392 1261 Magni-

497 1251 637 1291 tudine
669 1256 989 1305 praecedentibus
1031 1262 1168 1310 cedit,
1212 1261 1279 1301 sed
1325 1262 1393 1303 se-

497 1307 635 1356 quenti
665 1308 787 1360 duplo
826 1311 954 1364 major
987 1313 1054 1355 est.
1086 1316 1209 1356 Faun.
1238 1328 1334 1369 744.

114 1404 433 1467 Pulchellus.27.
460 1415 507 1454 E.
536 1418 554 1466 (
583 1414 620 1454 le
645 1414 715 1467 joli
739 1418 756 1467 )
796 1418 962 1462 thorace
994 1424 1205 1478 capiteque
1250 1428 1345 1467 atris
1372 1459 1386 1479 ‚

492 1468 634 1524 elytris
665 1472 788 1524 nigris
821 1504 834 1522 ‚
876 1478 1038 1518 maculis
1075 1480 1385 1536 flavicantibus,

495 1524 660 1576 pedibus
686 1526 814 1570 flavis.
842 1531 862 1551 *

436 1578 534 1619 Fab.
572 1590 639 1632 44.

434 1633 578 1674 Enum.
611 1643 703 1687 354.

432 1687 551 1728 Miill.
581 1690 666 1730 Lin.
701 1690 806 1734 Nat.
829 1696 888 1736 -cl.
918 1709 966 1739 v.
989 1716 1030 1750 p.
1053 1709 1146 1755 325.

436 1741 538 1784 Hah.
566 1745 605 1783 in
634 1747 788 1788 Scania.
821 1753 867 1790 In
901 1754 1028 1794 Gallia
1062 1758 1172 1798 Aust.
1205 1762 1258 1800 V.

434 1797 551 1848 Desc.
594 1802 785 1843 Pediculo
818 1806 952 1858 paullo
986 1812 1127 1864 major.
1179 1815 1381 1865 Caput'&

485 1855 632 1894 thorax
674 1866 772 1898 atra.
819 1861 965 1914 Elytra
1010 1868 1159 1922 nigra,
1208 1870 1338 1911 striata
1366 1903 1379 1921 ‚

489 1910 623 1951 antice
679 1911 795 1954 fascia
855 1921 1029 1970 repanda
1084 1923 1379 1979 subinterrupta

485 1962 620 2013 flava,
651 1979 758 2019 pone
792 1973 963 2012 medium
988 1980 1170 2028 puncsl-um
1203 1981 1376 2031 flavum,

485 2030 613 2070 prope
667 2023 818 2074 apicem
868 2031 1019 2070 macula
1074 2033 1376 2087 longitudinalis

482 2071 601 2113 flava.
665 2076 814 2129 Corpus
859 2084 1029 2137 nigrum.
1074 2089 1202 2129 Pedes
1263 2093 1372 2135 flavi.

483 2125 609 2169 Faun.
639 2141 734 2184 745.

97 2227 324 2280 Buprestoi-
354 2234 421 2278 28,
450 2240 495 2277 E.
551 2240 569 2289 (
589 2239 638 2301 ‘le
693 2242 943 2297 bupresto'ide
973 2252 990 2302 )
1041 2253 1208 2297 thorace
1252 2268 1372 2311 caput

153 2284 236 2328 des.
471 2294 692 2346 recipiente
709 2328 719 2347 ,
741 2306 924 2346 antennis
940 2309 1149 2360 pestinatis
1164 2342 1176 2356 ,
1198 2325 1370 2368 corpore

480 2356 582 2391 toto
601 2352 731 2407 nigro.
761 2357 782 2378 ⁴³
