1633 2815
193 142 451 194 lasne-u
475 132 896 174 ,Cot-normali.
927 128 1143 186 Buprestis.'
1211 137 1300 189 335

361 243 461 286 Fab.
495 240 560 291 56.
856 273 858 275 >

356 302 427 342 An
458 297 618 338 lineariS
647 297 790 338 Enum.
822 296 899 352 369
918 299 939 337 ’ἶ

361 354 462 394 Hah.
491 356 532 392 in
566 354 793 393 Germania.
829 355 874 392 In
906 350 1048 393 Gallia.
1072 355 1127 394 V.

360 409 569 451 Simillima
614 408 728 461 bupr.
772 407 928 459 viridi,
971 409 1030 448 uti
1061 408 1132 450 vix
1167 405 1310 450 distin-⁴

419 474 562 518 guatur
588 463 656 503 nifi
682 462 836 504 colore.

361 519 453 570 Obs]
472 519 612 559 Variat
628 517 901 571 magnitudine
922 526 967 558 ut
993 517 1107 573 bupr.
1137 519 1304 560 viridis:

417 574 550 614 variat
579 575 699 614 etiam
722 573 863 613 colore
884 589 893 613 :
926 574 969 612 in
991 573 1052 614 his
1078 571 1311 627 regionibus

420 629 540 671 color
581 629 856 683 nigro-aeneus
906 641 997 669 cum
1038 630 1199 671 modico
1242 630 1314 675 vi-

420 697 531 726 rore.
562 685 616 724 V.

84 799 264 846 Fffliva,
310 795 376 840 18.
405 796 455 835 B.
484 796 503 846 (
527 792 585 839 les
609 793 745 846 points
775 791 887 832 bleus
913 792 931 842 )
965 791 1108 846 elytris
1141 794 1319 849 integer-

421 850 531 889 rimis
567 848 732 888 maculis
779 847 846 887 sex
883 847 1065 888 caeruleis
1082 876 1097 896 ,
1140 862 1316 903 corpore

421 903 651 944 viridiffimo
686 901 895 957 elongato.

369 960 465 1001 Fab.
499 967 563 1011 57.

364 1015 468 1057 Hah.
490 1015 529 1053 in
549 1012 750 1054 Barbaria.
769 1013 965 1054 Brander.
980 1014 1026 1053 In
1043 1013 1171 1055 Gallia
1189 1028 1319 1071 prope

423 1071 661 1124 Lugdunum
682 1098 699 1119 ,
729 1068 796 1110 sed
821 1069 964 1110 rarior.
985 1071 1102 1111 Lesta
1128 1071 1170 1110 in
1205 1072 1320 1126 juni-

426 1137 539 1179 pero.
567 1127 622 1165 V.

366 1182 527 1234 Corpus
555 1180 820 1231 magnitudine
847 1181 955 1231 bupr.
988 1181 1162 1230 viridis,
1193 1184 1320 1222 undi-

425 1251 496 1291 que
524 1235 967 1287 fhriceo-viridffmum
986 1266 998 1285 ‚
1019 1237 1161 1285 subtus
1189 1240 1320 1289 magis

427 1292 572 1332 nitens,
613 1290 781 1331 Thorax
819 1306 895 1329 non
934 1291 1072 1342 glaber
1101 1322 1116 1342 ‚
1164 1293 1320 1344 putztfz'is

431 1347 616 1396 impreffi's
631 1346 699 1394 2ss
722 1357 742 1398 3
769 1345 962 1386 caeruleis.
994 1346 1285 1400 Elytrastriata
1300 1364 1318 1401 ;

419 1401 579 1453 singula
594 1410 734 1438 notata
747 1399 1104 1451 caeruleispundis:
1120 1412 1138 1441 1
1151 1403 1202 1441 ad
1214 1404 1320 1455 basin

429 1455 662 1493 exteriorem
678 1467 696 1504 ,·
738 1465 821 1493 tum
841 1465 892 1504 2,
921 1455 1074 1494 demum
1102 1468 1129 1496 2
1145 1458 1322 1506 ficbcorz-

424 1510 647 1561 fluentibus
666 1524 684 1560 ‚·
713 1509 850 1548 ultimo
887 1511 995 1561 apice
1029 1513 1190 1552 caeruleo
1207 1527 1225 1563 ,·
1256 1515 1322 1555 his

431 1565 580 1604 accedit
592 1563 775 1616 pandum
800 1566 1006 1605 caeruleum
1027 1567 1082 1605 ad
1097 1569 1320 1617 scutellum.

49 1675 297 1723 Granularis.
319 1684 382 1730 19.
414 1676 462 1714 Β.
495 1673 772 1769 (Jrobllique)
805 1674 1166 1751 'aeneo-nebulosa
1191 1707 1208 1728 ,
1248 1693 1322 1726 an..

432 1739 565 1770 tennis
594 1744 616 1770 c
634 1739 778 1771 avatis.

384 1784 484 1826 Hah.
520 1787 561 1825 in
594 1788 768 1839 Europa.

379 1840 497 1891 Dese.
545 1840 681 1881 Pulice
725 1840 810 1882 fere
853 1843 1014 1893 minor,
1058 1843 1193 1885 subtus
1235 1855 1328 1889 tota

439 1897 553 1948 nigra
571 1927 583 1946 ‚
611 1895 724 1949 supra
748 1896 915 1938 obscure
935 1911 1046 1940 aenea
1066 1913 1153 1940 cum
1170 1904 1324 1944 macula

436 1949 543 1990 fusca
575 1952 615 1990 in
655 1952 788 1991 medio
834 1952 984 2002 dorso,
1033 1956 1149 1996 ambo
1193 1957 1326 2011 elytra

438 2014 645 2058 tangente.
698 2005 843 2058 Elytra
905 2009 1121 2050 tenuiffime
1178 2010 1326 2053 striata.

441 2058 603 2098 Thorax
641 2069 658 2108 5
695 2061 866 2114 obliquis
896 2061 1010 2102 sulcis
1032 2064 1200 2105 striatus.
1230 2067 1329 2106 An·-

437 2125 568 2155 cennae
591 2115 758 2156 clavatae
782 2126 828 2156 ut
855 2117 1068 2162 dermestis.
1085 2120 1207 2162 Faun.
1227 2121 1323 2178 763.

445 2224 510 2265 Ex
536 2226 619 2277 lzist.
649 2227 721 2276 ins}
750 2227 796 2267 de
830 2226 944 2270 Geer0

125 2335 280 2377 Flavo·
307 2346 377 2380 20.
402 2338 449 2377 B.
484 2338 502 2386 (
528 2336 586 2376 les
614 2337 753 2378 taches
783 2337 953 2391 jannes)
985 2340 1098 2393 nigra
1117 2370 1130 2390 ,
1157 2341 1326 2383 thorace

65 2391 259 2444 punstata.
440 2394 618 2446 margine
643 2392 751 2436 ssavo
766 2423 779 2445 a
807 2394 948 2448 elytris
965 2396 1119 2449 punctis
1141 2396 1330 2441 abdomi-
