1633 2815
297 163 375 218 3136
445 163 708 205 INSECTA
739 162 1152 209 CotzormzRA.
1183 161 1403 218 Buprestisa‘

673 284 804 325 neque
828 272 962 314 subtus
988 272 1150 316 maculis
1176 272 1290 314 flavis
1316 273 1565 329 quadruplici

672 328 829 369 ordine.
855 329 964 382 Retz.
985 328 1140 382 640-de
1157 327 1259 370 Geer
1293 340 1323 371 t.
1339 341 1380 383 4.
1402 347 1447 382 p.
1467 341 1562 387 129.

619 382 719 424 Hah.
750 383 789 423 in
824 384 953 425 Gallia
982 384 1093 426 Aust.
1126 386 1177 427 V.

618 437 708 490 Obs.
728 438 876 480 Forsan
903 438 988 480 haec
1014 440 1127 494 bupr.
1157 438 1331 482 varietas
1361 440 1416 481 est
1441 441 1559 496 bupr.

671 495 696 535 8
729 503 927 548 guttatae-3
970 504 1144 536 attamen
1177 502 1246 536 aut
1278 496 1452 537 varietas
1487 498 1562 538 in-

667 549 820 604 fignis,
861 558 929 590 aut
969 550 1117 603 species
1152 549 1319 592 diversa.
1361 551 1561 605 Bupressis

668 605 959 659 flavo-guttam
987 606 1071 659 erit,
1089 605 1203 646 nobis
1229 605 1295 646 illa
1315 606 1426 659 cujus
1445 607 1560 649 frons

676 660 795 701 rubra
836 674 925 701 cum
965 661 1128 701 maculis
1168 662 1319 715 nigris,
1368 662 1560 717 cujusque

668 715 824 757 femora
851 729 934 757 non
960 716 1171 758 maculata.
1190 719 1244 759 V.

280 829 538 872 Acuminata.
565 837 633 870 21.
666 829 712 868 Β.
746 829 763 880 (
789 825 827 867 le
854 827 997 880 pointu
1022 829 1040 878 )
1072 828 1186 882 nigra
1206 856 1220 876 ‚
1251 827 1392 883 elytris
1429 833 1561 882 punc-⁴

668 883 763 923 tatis
790 896 898 936 pone
939 884 1202 933 acuminatis,
1238 884 1406 924 thorace
1446 883 1557 927 laevi.

668 940 782 989 Retz.
814 936 968 991 633-de
1005 938 1120 979 Geer.
1157 950 1188 980 t.
1219 949 1259 991 4.
1285 955 1330 991 p.
1360 949 1454 994 133.

610 993 710 1035 Hah.
747 995 787 1034 in
819 996 994 1048 Europa.

712 1105 777 1145 Ex
797 1105 902 1157 spec.
932 1104 990 1147 D.
1019 1104 1116 1146 Fab.

332 1215 531 1259 Rutilans.
562 1228 631 1257 22.
664 1219 711 1258 Β.
751 1219 768 1267 (
795 1216 1001 1258 l'eclatant
1028 1218 1046 1267 )
1091 1214 1234 1270 elytris
1277 1217 1506 1259 tridentatis
1535 1223 1553 1268 ,¹

663 1272 857 1313 viridibus
880 1302 893 1323 ,
936 1273 1054 1326 nigro
1094 1271 1333 1319 maculatis,
1372 1275 1554 1328 margine

665 1340 802 1368 aureo.

604 1382 703 1423 Hah.
734 1384 772 1422 in
800 1381 1086 1432 Austria.Muf.
1105 1382 1164 1422 D·
1183 1381 1337 1434 Schulz.
1364 1385 1410 1424 In
1423 1383 1553 1425 Gallia

665 1451 750 1478 non
782 1438 981 1491 frequens.
1010 1440 1063 1478 V.

606 1493 722 1545 Defi.
742 1492 904 1534 Thorax
920 1493 1061 1533 viridis
1077 1493 1552 1548 punctatiffimusAElytra

661 1551 702 1590 in
739 1551 871 1590 medio
912 1550 960 1588 ad
988 1548 1161 1588 suturam
1199 1548 1455 1596 viridiffima,
1496 1551 1550 1590 ad

659 1606 878 1658 marginem
904 1605 1035 1658 ignea.
1051 1603 1198 1644 Claufis
1220 1603 1362 1657 elytris
1380 1605 1547 1657 adparet

664 1659 782 1699 fascia
817 1658 1117 1712 longitudinalis
1141 1659 1279 1697 viridis
1312 1659 1418 1698 inter
1451 1661 1550 1700 duas

656 1714 810 1767 igneas,
856 1712 1092 1766 Superficies
1132 1712 1355 1765 ertrorum
1393 1714 1548 1765 punctis

659 1769 783 1822 nigris
823 1767 1014 1820 adspersa.
1056 1766 1204 1818 Corpus
1246 1765 1350 1806 infra
1384 1777 1550 1807 aurato-

657 1825 787 1863 viride
845 1822 1180 1876 punctatiffimum.
1230 1822 1376 1876 Elytra
1429 1823 1545 1877 apice

657 1878 820 1919 serrata.
844 1881 896 1920 V.

299 1989 510 2045 Lugubris.
541 2000 609 2044 23.
640 1992 686 2030 B.
719 1991 736 2042 (
764 1990 801 2029 le
827 1989 1026 2044 lugubre)
1067 1988 1210 2043 elytris
1240 1988 1431 2042 integris,
1464 1987 1549 2030 obss

656 2047 762 2086 curis
814 2044 1157 2100 nigro-scabris,
1198 2057 1370 2097 corpore
1409 2043 1545 2084 subtus

599 2114 985 2196 Haifpirneobiustria.
1027 2155 1083 2195 D.
1124 2152 1277 2205 schulz.
1327 2155 1373 2193 in
1417 2153 1549 2196 cama

603 2211 875 2317 Obffilsslioxrfax
889 2264 1110 2307 variolosus
1137 2263 1191 2305 est
1218 2263 1276 2303 uti
1301 2264 1343 2303 in
1372 2263 1542 2318 bupresti

657 2322 910 2362 tenebrione.

271 2433 491 2488 Biguttata.
527 2441 594 2485 24.
622 2433 670 2473 Β.
689 2431 780 2485 (les
797 2432 900 2473 deux
915 2431 1078 2487 points)
1099 2429 1241 2486 elytris
1254 2429 1523 2526 integerrimis
1533 2436 1553 2480 ,'

1340 2498 1464 2527 lsseflrl
1476 2498 1540 2526 Jus
