1633 2815
258 123 511 161 Inuca-A
529 113 962 154 'commea-EM.
994 111 1183 153 carabus.
1275 110 1375 165 363.

481 224 629 278 Elytra
661 237 922 266 aeneo-aurea
941 255 954 275 ‚
981 222 1080 263 striis
1102 231 1146 271 ις
1176 222 1361 264 crenatis.

475 280 627 320 Subtus
658 291 744 321 ater
763 311 776 331 ,
804 293 940 334 parum
980 277 1194 320 virescens.
1237 277 1361 317 Faun-

459 357 462 359 ’
477 346 574 390 790.

103 446 323 490 lutricatus.
355 457 419 488 12.
450 447 498 488 C.
532 450 550 499 (
575 445 835 486 l’embrouille'
859 448 878 496 )
905 443 1255 498 violaceo—niger,
1284 441 1365 496 ely-

481 503 554 542 tris
577 502 773 542 intricatis
791 532 803 552 ,
842 499 1171 542 elevato-striatis
1196 499 1366 552 punita-⁶

479 557 621 610 tisque.

427 612 522 653 Fab.
553 623 594 665 4.
997 634 1012 647 .

425 668 528 707 Hah.
559 668 599 705 in
640 667 780 706 Suecia
814 667 852 706 &
888 665 1113 705 Germania.
1153 667 1199 704 In
1239 661 1368 704 Gallia

480 721 592 760 Aust.
621 723 672 760 V.

427 775 543 824 Desit.
574 774 805 826 Elytrorum
839 773 939 814 striae
958 774 995 812 ὅτ
1013 774 1153 826 Ρυηᾶει
1183 772 1368 823 elevata,

484 830 540 870 ita
566 831 670 870 inter
699 829 738 870 se
765 842 947 870 connexa
970 859 982 878 ‚
1016 838 1060 867 ut
1095 829 1164 867 vix
1194 827 1371 867 distinere

482 884 652 925 discerni
682 895 842 938 queant.
883 883 1144 937 Distinguitur
1181 895 1203 921 a
1236 881 1372 921 carah.

484 941 660 980 coriario
685 970 696 990 ‚
727 941 832 993 quod
863 939 970 978 nulla
1000 939 1072 978 smt
1112 939 1153 977 in
1195 936 1370 977 coriario

484 995 591 1048 figna
620 995 808 1036 striarum.
836 994 962 1033 Faun.
993 992 1090 1046 780.

435 1049 525 1101 Obs.
549 1061 584 1090 1.
604 1053 752 1090 Errore
776 1051 920 1090 citatus
940 1048 992 1089 est
1017 1047 1148 1089 carab.
1168 1046 1374 1088 violaceus

489 1106 530 1145 in
554 1105 721 1158 specieb.
750 1104 807 1145 D.
833 1104 876 1143 F.
907 1117 980 1157 pro
1007 1103 1138 1143 carab.
1166 1103 1374 1142 intricato.

443 1159 532 1210 Obs.
545 1161 670 1201 2.Hic
689 1160 820 1201 carah.
839 1161 1046 1199 intricatus
1066 1171 1148 1197 non
1168 1157 1221 1197 est
1239 1157 1372 1197 carah.

490 1216 776 1269 purpurascens
804 1215 963 1254 Entom.
991 1214 1116 1265 paris.
1154 1213 1229 1252 Hic
1256 1211 1375 1251 dense

489 1270 643 1310 striatus
655 1301 666 1319 ‚
687 1270 752 1309 ille
767 1283 862 1309 non.
876 1269 982 1309 Clar.
995 1268 1106 1318 Scap.
1121 1267 1225 1307 hunc
1243 1266 1376 1305 carah.

490 1338 574 1364 non
603 1325 716 1364 vidit.
745 1325 900 1364 Variat.
932 1327 975 1362 In
1005 1322 1206 1362 montibus
1235 1320 1376 1360 Galliae

492 1378 684 1418 Australis
713 1379 873 1432 egregia
901 1378 1074 1417 varietas
1123 1374 1377 1416 aurato-ful·-

494 1434 608 1487 gida,
622 1432 719 1473 lesta
731 1433 798 1473 sub
813 1433 966 1473 cortice
980 1431 1073 1486 fagi.
1086 1434 1139 1473 V.
1157 1444 1187 1472 t.
1207 1431 1374 1484 2.f.45.

466 1541 610 1583 carah.
640 1543 819 1597 Majores
849 1543 907 1583 D.
941 1542 1033 1582 Fab.

114 1653 345 1696 Convexus.
380 1663 444 1707 13.
475 1654 523 1693 C.
557 1652 627 1704 (le
645 1666 828 1709 convexe
847 1654 864 1704 )
885 1662 1068 1706 amerus,
1099 1660 1213 1701 ater,
1243 1650 1382 1701 laevis,-

496 1708 662 1748 thorace
686 1709 833 1761 postice
861 1708 1122 1761 emarginato.

441 1763 542 1804 Hab.
560 1765 599 1802 in
620 1765 842 1804 Germaniae
861 1763 998 1817 sylvis.
1026 1765 1071 1802 In
1087 1760 1237 1812 Gallia,
1254 1774 1376 1816 prope

497 1820 744 1873 Lugdunum.
773 1822 826 1860 V.

552 1929 619 1967 Ex
649 1930 806 1970 Entom.
838 1929 949 1980 Scop.

121 2035 339 2078 catenula-
371 2048 434 2090 14.
467 2039 513 2078 C.
547 2038 844 2090 (l'enchafne)
884 2039 1023 2093 elytris
1051 2041 1249 2092 pereatis,
1282 2039 1380 2079 striis

149 2100 226 2133 tus.
503 2093 627 2133 tribus
671 2095 901 2147 pun&orum
943 2094 1192 2135 elevatorum
1241 2095 1380 2147 quibus

501 2149 742 2201 interjacent
781 2159 862 2190 tres
902 2150 988 2190 aliae
1028 2149 1126 2190 striae
1173 2150 1340 2191 elevatae
1364 2177 1381 2195 ,

499 2203 781 2245 scabriusculae.

448 2259 591 2298 Enum.
628 2269 721 2313 390.

448 2313 549 2352 Hah.
591 2315 629 2352 in
674 2315 874 2355 montibus
908 2316 1046 2356 Galliae
1088 2318 1126 2357 Sc
1168 2314 1381 2355 Carniolae.

505 2367 583 2408 Sub
613 2371 766 2411 cortice
801 2371 985 2412 arborum
1011 2373 1273 2425 putridorum.
1299 2372 1351 2412 V.

732 2472 759 2497 X.
