1633 2815
293 145 558 189 Inuca-A
587 145 1008 190 CotzoPTERA.
1040 145 1245 189 Curculio,
1313 157 1391 201 203

124 427 298 467 Ovatus.
330 435 423 481 123.

508 266 594 297 tum
621 269 736 310 quam
764 257 804 296 in
834 255 1008 310 reliquiS.
1043 255 1206 297 Femora
1241 256 1399 298 clavata

509 326 702 354 mucrone
734 312 931 354 obsoleto.
966 311 1091 352 Faun.
1129 312 1224 352 621.

461 426 510 466 C.
554 427 572 476 (
603 423 691 464 l’ov
681 422 798 475 ale)
842 422 1091 464 brevit-ostris
1120 451 1133 472 ,
1179 420 1395 462 femoribm

508 480 715 527 dentatis,
749 479 960 519 abdomine
991 487 1119 519 ovato
1146 479 1297 531 nigro,
1323 489 1400 531 pe-

511 535 625 575 dibus
655 534 916 587 antennisque
947 533 1103 575 rufis.

454 590 571 641 Scap.
604 587 679 629 18.-

454 644 598 686 Εηιινη.
631 643 726 685 226.

454 701 519 741 De
553 698 653 738 Geer
669 729 683 747 ‚
716 709 781 739 11.

453 755 554 794 Fab.
583 765 678 794 221.

455 809 556 849 Hah.
589 811 629 849 in
659 813 832 863 Europa.
867 812 911 850 In
939 807 1080 850 Galliae
1104 820 1293 864 pomona.
1322 807 1379 849 V.

453 864 572 914 Des&
611 865 896 919 Magnitudine
930 865 1048 918 dupla
1080 864 1265 918 pediculi.
1311 862 1408 902 An-'

509 931 638 960 tenne
667 921 706 961 ὅ(
736 918 776 959 T
773 921 864 960 zbzae
895 919 979 960 fer'e
1017 921 1141 973 piceae
1173 919 1202 959 s.
1238 917 1406 958 obscure

509 974 624 1017 rufae.
653 973 817 1015 leorax
837 988 1059 1016 convexus.
1080 975 1290 1014 Abdomen
1306 985 1410 1013 ova-

513 1039 598 1071 tum
631 1032 670 1072 &
699 1031 817 1072 valde
850 1043 1094 1072 convexum.
1129 1029 1255 1070 Faun.
1287 1027 1384 1068 626.

125 1140 339 1184 Cervinus.
375 1149 467 1195 124.
500 1143 548 1182 C.
569 1142 602 1195 .(
627 1142 665 1183 le
689 1141 861 1196 Ροηᾶυθ
885 1142 934 1182 de
967 1141 1057 1182 noir
1082 1141 1100 1191 )
1130 1138 1408 1184 brevirostris,

512 1196 731 1238 femoribus
761 1198 971 1246 dentatis,
1004 1197 1193 1237 antennis
1230 1194 1307 1235 bafi
1336 1207 1409 1232 ru-

459 1251 716 1293 sescentibus.
753 1254 774 1273 ⁴⁵

458 1307 554 1346 Fab.
594 1307 688 1349 160.
727 1307 835 1348 inter
878 1320 989 1348 cure.
1038 1306 1154 1348 brev.
1196 1303 1414 1346 femoribus

516 1362 692 1401 mutieis.

465 1414 531 1453 De
564 1414 692 1464 (ἕθεν,
737 1426 802 1470 13.

463 1468 564 1509 Hab.
593 1470 632 1509 in
664 1474 836 1523 Europa.
864 1473 911 1510 In
942 1471 1085 1511 Gallia.
1114 1473 1168 1512 V.

461 1523 579 1574 Deste.
616 1526 860 1578 Magnitudo
890 1540 998 1567 cure.
1057 1527 1168 1567 ovat?
1214 1525 1279 1565 sed
1328 1537 1412 1565 non

513 1579 688 1632 gibbus,
738 1580 881 1620 colore
926 1579 1101 1621 sordorlo
1140 1582 1292 1620 cinere.
1332 1580 1416 1618 ..f-fn

516 1646 647 1673 tennae
663 1634 814 1689 ferrugi
804 1649 904 1676 neae
925 1637 1100 1688 capitulo
1118 1637 1206 1681 nior
1210 1648 1248 1674 ο.
1265 1635 1298 1672 Ε
1303 1635 1345 1686 [3
1349 1647 1414 1672 tm

517 1690 761 1743 adparentq
763 1690 842 1731 uass
882 1689 1060 1744 adspersa
1103 1691 1253 1745 punctis
1292 1690 1417 1742 nigris

513 1744 720 1786 obsoletis.
737 1705 880 1789 q.Faun
908 1737 1005 1804 6-7.

143 1853 864 1911 oblongus.125.c.(1·alonge)
903 1856 1154 1898 brevirostris
1187 1857 1417 1911 oblongus,

519 1910 737 1952 femoribm
785 1913 992 1961 dentatis,
1022 1914 1242 1964 antennis,
1275 1912 1419 1968 elytris

519 1966 763 2019 pedibusque
796 1965 1049 2022 ferrugineis.

469 2020 592 2073 Geoffi
629 2020 851 2062 charenson
880 2023 903 2062 3
937 2023 1040 2064 emis
1072 2020 1167 2067 fauv
1158 2035 1228 2067 es.

467 2185 589 2226 Mill.
621 2186 710 2227 Lin.
737 2186 844 2230 Nat.
869 2188 921 2230 cl.
952 2201 999 2231 v.
1023 2207 1064 2243 p.
1090 2201 1187 2246 235.

470 2241 567 2281 Fab.
597 2253 691 2282 220.

469 2295 569 2336 Hah.
599 2297 639 2336 in
668 2299 840 2351 Europa.
879 2301 923 2340 In
964 2314 1093 2354 prmo
1120 2302 1274 2343 Gallice
1295 2306 1348 2344 V.

470 2350 604 2400 Defi.
637 2354 880 2407 Magnitudo
933 2370 1042 2397 cure.
1089 2359 1215 2398 ovati.
1262 2358 1413 2408 Corpus

525 2405 694 2469 nigrum.
733 2407 937 2449 Antenrae
989 2411 1028 2452 ὃς
1067 2412 1194 2451 Pedes
1239 2411 1412 2454 testacei.
