1687 2799
282 131 338 182 '56
417 133 687 176 INSECTA
718 127 1152 167 COLEoP'rERA.
1181 124 1425 167 Dermestes.‘

283 240 563 289 Tomentosus.
580 248 650 290 40.
669 240 722 278 D.
761 239 777 287 (
802 236 840 276 le
869 240 1098 288 cotoneux)
1127 238 1264 291 niger,
1292 249 1561 288 cano-punc-

666 302 795 337 tatim,
813 293 980 332 thorace
1002 294 1224 346 marginato
1239 323 1252 342 ‚
1269 292 1410 346 elytris
1430 304 1560 345 punc-

667 346 936 387 tato-striatis.

611 403 711 442 Hah.
749 404 866 442 Circa
901 404 1114 443 Viennam.

613 458 704 508 obs.
738 457 879 497 Derm.
919 458 1167 498 tomentosus
1199 458 1296 499 Fab.
1340 458 1383 497 in
1427 456 1558 509 capite

667 513 822 553 duobus
851 513 1002 565 punctis
1031 513 1148 552 fuscis
1174 515 1334 566 gaudet.

283 625 516 665 Chrisome-
549 634 618 676 41.
654 626 709 663 D.
748 626 764 675 (
793 622 1115 676 chrysomelo‘ide
1146 623 1164 672 )
1209 623 1324 675 niger
1345 651 1357 670 ‚
1394 621 1561 675 glaber,

302 679 442 721 loides.
667 678 837 718 thorace
863 678 1156 730 subquadrato,
1174 677 1361 720 antennis
1376 675 1563 728 pedibus-

670 747 747 785 que
783 732 1119 772 fusco-testaceis.

615 788 715 828 Hah.
750 788 868 828 Circa
899 789 1112 829 Viennam.
1451 817 1471 854 ξ

315 899 466 941 Boleti.
483 910 551 952 42.
568 903 622 940 D.
645 902 661 949 (
678 901 727 940 de
745 899 906 953 l’agaric
926 900 944 949 )
966 898 1115 948 fuscus,
1138 898 1308 939 thorace
1326 897 1564 950 marginato.

615 955 715 994 Hah.
748 956 787 992 in
817 954 956 994 boleto
987 954 1230 994 versicolore
1265 955 1302 994 &
1338 952 1564 1005 agaricibus

670 1009 854 1050 seffilibus
890 1018 983 1049 toto
1017 1022 1123 1050 anno
1163 1008 1360 1062 copiosus.
1402 1008 1565 1059 Semper

668 1064 781 1106 larva
814 1066 852 1109 &
888 1066 1021 1119 imago
1054 1064 1207 1105 adsunt.

282 1177 513 1232 Leucophi-
538 1188 606 1231 43.
639 1180 692 1217 D.
730 1178 747 1227 (
772 1178 794 1216 ὲ
823 1185 954 1228 partes
980 1175 1144 1225 fauves)
1163 1176 1277 1229 niger
1295 1205 1307 1223 ‚
1325 1183 1440 1220 ater,
1468 1186 1564 1225 pec-

339 1232 413 1274 lus.
669 1243 761 1272 tore
779 1231 995 1286 elytrisque
1010 1231 1222 1284 subnigris,
1237 1230 1402 1283 pedibus
1418 1228 1563 1268 rubris.

620 1286 743 1340 Geoffl
775 1289 829 1326 D.
868 1284 1053 1338 fulvipes.
1081 1286 1176 1326 Eat.
1201 1300 1292 1337 par.
1315 1295 1382 1324 21.

615 1343 715 1383 Hah.
745 1343 785 1381 in
814 1342 982 1381 Braffica
1012 1341 1239 1393 subputrida
1263 1354 1335 1392 per
1360 1338 1564 1392 Hyemem.

672 1399 711 1437 in
743 1396 896 1437 cellulis
927 1395 1181 1436 conservata.
1209 1398 1254 1434 In
1281 1394 1425 1434 Gallia.
1453 1397 1507 1434 V.

616 1453 731 1502 Deft.
782 1450 931 1501 Corpus
981 1461 1146 1490 ovatum
1199 1449 1384 1503 pediculo
1443 1447 1565 1501 duplo

669 1506 825 1558 majus,
855 1505 973 1559 agile.
1023 1504 1149 1555 Caput
1182 1516 1325 1545 atrum.
1355 1505 1495 1544 Pectus
1528 1504 1568 1544 ὅτ.

671 1562 804 1613 elytra
840 1573 862 1597 e
899 1560 1122 1599 rubicundo
1158 1561 1285 1611 nigra.
1319 1558 1467 1611 Elytra
1497 1559 1567 1598 se-r

674 1616 847 1653 cundum
903 1613 1120 1665 marginem
1178 1612 1372 1652 dorsalem
1428 1626 1566 1664 parum

670 1668 900 1763 {offigent
935 1667 1005 1730 ubi
1049 1666 1361 1761 colrjijunglgjurgur.
1398 1667 1566 1706 Femora

697 1737 710 1741 '
774 1738 792 1761 ε
822 1737 863 1760 es
904 1736 942 1760 n1
974 1735 1096 1761 ro-ru
1127 1737 1173 1761 r1.
1244 1737 1261 1760 e
1298 1737 1344 1760 us
1383 1735 1466 1761 non
1504 1732 1568 1762 te-

676 1791 740 1818 res
759 1808 769 1825 ‚
797 1777 863 1816 sed
880 1737 1242 1830 feregmarginatum
1269 1777 1446 1826 caffidae3
1476 1791 1567 1817 cum

673 1832 932 1885 chrysomelis
963 1833 1004 1871 in
1044 1832 1177 1871 multis
1214 1833 1409 1872 convenit
1437 1831 1565 1878 Fam,

674 1886 796 1928 2268.

627 1942 715 1993 Obfi
752 1954 788 1982 Ι.
835 1945 976 1983 Derm.
1023 1942 1352 1997 melanocephalo
1399 1941 1524 1982 affinis
1552 1972 1567 1990 ,

670 1999 698 2038 fi
727 2012 810 2038 non
829 1999 959 2044 idem,
987 2014 1115 2038 enum.
1143 1998 1240 2038 licet
1268 1998 1346 2038 hoc
1374 1997 1564 2038 insenum

671 2054 838 2093 Linnaeo
881 2055 1086 2107 cognitum
1125 2055 1162 2094 &
1204 2054 1252 2093 ab
1292 2054 1433 2094 eodem
1477 2053 1567 2092 des-

670 2110 840 2160 criptum
859 2108 902 2148 s1t
922 2140 933 2158 ‚
961 2119 1094 2149 tamen
1108 2111 1161 2149 D.
1181 2108 1362 2149 Schrank
1378 2136 1391 2153 ‚
1413 2107 1438 2146 s1
1465 2107 1566 2148 bene

668 2166 863 2209 recordor
885 2194 896 2212 ,
934 2164 1039 2203 solus
1086 2164 1351 2212 memoravit,
1379 2163 1471 2202 inde
1512 2165 1565 2214 ad-

674 2232 806 2264 enum.
854 2219 1006 2262 R.et1,:li.
1036 2222 1087 2260 V.

290 2336 488 2389 Quercus.
511 2341 579 2386 44.
611 2332 665 2372 D.
697 2332 716 2380 (
744 2331 794 2368 du
824 2328 988 2378 chene)
1030 2328 1191 2378 fuscus,
1235 2328 1377 2384 elytris
1403 2329 1566 2384 nigrisg'

314 2390 328 2398 “
672 2384 801 2436 fasciis
827 2384 976 2432 duabus
1003 2384 1178 2447 pallidis.
