<?xml version="1.0" encoding="UTF-8"?>
<!DOCTYPE html PUBLIC "-//W3C//DTD XHTML 1.0 Transitional//EN"
    "http://www.w3.org/TR/xhtml1/DTD/xhtml1-transitional.dtd">
<html xmlns="http://www.w3.org/1999/xhtml" xml:lang="en" lang="en">
 <head>
  <title>
</title>
<meta http-equiv="Content-Type" content="text/html;charset=utf-8" />
  <meta name='ocr-system' content='tesseract 3.04.00' />
  <meta name='ocr-capabilities' content='ocr_page ocr_carea ocr_par ocr_line ocrx_word'/>
</head>
<body>
  <div class='ocr_page' id='page_1' title='image "./carolilinnient01linn_0334.png"; bbox 0 0 1633 2815; ppageno 0'>
   <div class='ocr_carea' id='block_1_1' title="bbox 186 81 1359 159">
    <p class='ocr_par' dir='ltr' id='par_1_1' title="bbox 186 81 1359 159">
     <span class='ocr_line' id='line_1_1' title="bbox 186 81 1359 159; baseline 0.003 -14"><span class='ocrx_word' id='word_1_1' title='bbox 186 81 190 83; x_wconf 26' lang='grc'>“</span> <span class='ocrx_word' id='word_1_2' title='bbox 260 106 348 157; x_wconf 75' lang='lat'>314</span> <span class='ocrx_word' id='word_1_3' title='bbox 457 104 723 147; x_wconf 63' lang='lat' dir='ltr'>lusam-A</span> <span class='ocrx_word' id='word_1_4' title='bbox 756 102 1172 155; x_wconf 44' lang='lat' dir='ltr'>comari-1312&amp;</span> <span class='ocrx_word' id='word_1_5' title='bbox 1201 104 1359 159; x_wconf 56' lang='lat' dir='ltr'>Elateia·</span> 
     </span>
    </p>
   </div>
   <div class='ocr_carea' id='block_1_2' title="bbox 584 211 1553 824">
    <p class='ocr_par' dir='ltr' id='par_1_2' title="bbox 584 211 1302 267">
     <span class='ocr_line' id='line_1_2' title="bbox 584 211 1302 267; baseline 0.01 -15"><span class='ocrx_word' id='word_1_6' title='bbox 584 211 687 252; x_wconf 78' lang='lat' dir='ltr'>Hah.</span> <span class='ocrx_word' id='word_1_7' title='bbox 716 213 756 251; x_wconf 78' lang='lat' dir='ltr'>in</span> <span class='ocrx_word' id='word_1_8' title='bbox 789 214 962 267; x_wconf 83' lang='lat' dir='ltr'>Europa.</span> <span class='ocrx_word' id='word_1_9' title='bbox 1298 254 1302 259; x_wconf 85' lang='lat'><em>.</em></span> 
     </span>
    </p>

    <p class='ocr_par' dir='ltr' id='par_1_3' title="bbox 585 267 1543 381">
     <span class='ocr_line' id='line_1_3' title="bbox 585 267 1542 323; baseline 0.006 -17"><span class='ocrx_word' id='word_1_10' title='bbox 585 267 704 318; x_wconf 67' lang='lat' dir='ltr'>Dese.</span> <span class='ocrx_word' id='word_1_11' title='bbox 732 268 976 323; x_wconf 82' lang='lat' dir='ltr'>Magnitudo</span> <span class='ocrx_word' id='word_1_12' title='bbox 998 283 1021 311; x_wconf 89' lang='lat' dir='ltr'>e</span> <span class='ocrx_word' id='word_1_13' title='bbox 1041 268 1181 310; x_wconf 85' lang='lat' dir='ltr'>mediis</span> <span class='ocrx_word' id='word_1_14' title='bbox 1206 269 1274 310; x_wconf 92' lang='lat' dir='ltr'>vel</span> <span class='ocrx_word' id='word_1_15' title='bbox 1299 269 1542 312; x_wconf 42' lang='lat' dir='ltr'>minoribus*</span> 
     </span>
     <span class='ocr_line' id='line_1_4' title="bbox 642 323 1543 381; baseline 0.006 -19"><span class='ocrx_word' id='word_1_16' title='bbox 642 323 794 374; x_wconf 83' lang='lat' dir='ltr'>Corpus</span> <span class='ocrx_word' id='word_1_17' title='bbox 828 334 958 364; x_wconf 88' lang='lat' dir='ltr'>totum</span> <span class='ocrx_word' id='word_1_18' title='bbox 992 327 1164 381; x_wconf 71' lang='lat' dir='ltr'>nigrum.</span> <span class='ocrx_word' id='word_1_19' title='bbox 1214 325 1420 366; x_wconf 81' lang='lat' dir='ltr'>Antennae</span> <span class='ocrx_word' id='word_1_20' title='bbox 1462 325 1543 367; x_wconf 90' lang='lat' dir='ltr'>fer-</span> 
     </span>
    </p>

    <p class='ocr_par' dir='ltr' id='par_1_4' title="bbox 606 380 1553 824">
     <span class='ocr_line' id='line_1_5' title="bbox 606 380 1542 435; baseline 0.001 -15"><span class='ocrx_word' id='word_1_21' title='bbox 606 404 611 407; x_wconf 60' lang='lat'>&gt;</span> <span class='ocrx_word' id='word_1_22' title='bbox 639 381 820 433; x_wconf 85' lang='lat' dir='ltr'>rugineae</span> <span class='ocrx_word' id='word_1_23' title='bbox 838 410 850 428; x_wconf 85' lang='lat'>‚</span> <span class='ocrx_word' id='word_1_24' title='bbox 880 380 1131 434; x_wconf 76' lang='lat' dir='ltr'>longitudine</span> <span class='ocrx_word' id='word_1_25' title='bbox 1176 380 1354 422; x_wconf 82' lang='lat' dir='ltr'>thoracis</span> <span class='ocrx_word' id='word_1_26' title='bbox 1374 413 1388 431; x_wconf 85' lang='lat'><em>‚</em></span> <span class='ocrx_word' id='word_1_27' title='bbox 1415 382 1542 435; x_wconf 68' lang='lat' dir='ltr'>pesti-</span> 
     </span>
     <span class='ocr_line' id='line_1_6' title="bbox 642 435 1553 490; baseline 0 -15"><span class='ocrx_word' id='word_1_28' title='bbox 642 445 752 475; x_wconf 83' lang='lat' dir='ltr'>natae</span> <span class='ocrx_word' id='word_1_29' title='bbox 780 435 941 488; x_wconf 77' lang='lat' dir='ltr'>simplici</span> <span class='ocrx_word' id='word_1_30' title='bbox 973 435 1072 476; x_wconf 83' lang='lat' dir='ltr'>serie</span> <span class='ocrx_word' id='word_1_31' title='bbox 1090 468 1103 487; x_wconf 81' lang='lat'>,</span> <span class='ocrx_word' id='word_1_32' title='bbox 1131 450 1205 477; x_wconf 88' lang='lat' dir='ltr'>nec</span> <span class='ocrx_word' id='word_1_33' title='bbox 1232 438 1428 490; x_wconf 85' lang='lat' dir='ltr'>utrinque</span> <span class='ocrx_word' id='word_1_34' title='bbox 1454 435 1553 490; x_wconf 85' lang='lat' dir='ltr'>pal--</span> 
     </span>
     <span class='ocr_line' id='line_1_7' title="bbox 639 488 1539 546; baseline 0.001 -16"><span class='ocrx_word' id='word_1_35' title='bbox 639 490 823 531; x_wconf 86' lang='lat' dir='ltr'>lidiores.</span> <span class='ocrx_word' id='word_1_36' title='bbox 859 488 1022 530; x_wconf 62' lang='lat' dir='ltr'>Thorax</span> <span class='ocrx_word' id='word_1_37' title='bbox 1063 492 1204 545; x_wconf 82' lang='lat' dir='ltr'><strong>gibbus</strong></span> <span class='ocrx_word' id='word_1_38' title='bbox 1237 495 1382 546; x_wconf 80' lang='lat' dir='ltr'>recipit</span> <span class='ocrx_word' id='word_1_39' title='bbox 1419 500 1539 545; x_wconf 87' lang='lat' dir='ltr'>caput</span> 
     </span>
     <span class='ocr_line' id='line_1_8' title="bbox 639 546 1541 601; baseline 0.001 -16"><span class='ocrx_word' id='word_1_40' title='bbox 639 556 685 586; x_wconf 88' lang='lat' dir='ltr'>ut</span> <span class='ocrx_word' id='word_1_41' title='bbox 716 548 758 586; x_wconf 88' lang='lat' dir='ltr'>in</span> <span class='ocrx_word' id='word_1_42' title='bbox 788 546 1012 600; x_wconf 85' lang='lat' dir='ltr'>buprestide</span> <span class='ocrx_word' id='word_1_43' title='bbox 1030 575 1043 594; x_wconf 96' lang='lat'>‚</span> <span class='ocrx_word' id='word_1_44' title='bbox 1076 547 1141 586; x_wconf 92' lang='lat' dir='ltr'>sed</span> <span class='ocrx_word' id='word_1_45' title='bbox 1166 547 1313 601; x_wconf 86' lang='lat' dir='ltr'>postice</span> <span class='ocrx_word' id='word_1_46' title='bbox 1347 549 1541 600; x_wconf 87' lang='lat' dir='ltr'>utrinque</span> 
     </span>
     <span class='ocr_line' id='line_1_9' title="bbox 638 601 1538 656; baseline 0 -14"><span class='ocrx_word' id='word_1_47' title='bbox 638 603 829 649; x_wconf 86' lang='lat' dir='ltr'>dentatus</span> <span class='ocrx_word' id='word_1_48' title='bbox 864 611 909 642; x_wconf 86' lang='lat' dir='ltr'>ut</span> <span class='ocrx_word' id='word_1_49' title='bbox 939 603 980 642; x_wconf 85' lang='lat' dir='ltr'>in</span> <span class='ocrx_word' id='word_1_50' title='bbox 1015 601 1245 644; x_wconf 86' lang='lat' dir='ltr'>elateribus.</span> <span class='ocrx_word' id='word_1_51' title='bbox 1279 604 1428 656; x_wconf 82' lang='lat' dir='ltr'>Elytra</span> <span class='ocrx_word' id='word_1_52' title='bbox 1466 613 1538 642; x_wconf 87' lang='lat' dir='ltr'>te·-</span> 
     </span>
     <span class='ocr_line' id='line_1_10' title="bbox 638 657 1540 700; baseline 0 -3"><span class='ocrx_word' id='word_1_53' title='bbox 638 658 816 698; x_wconf 59' lang='lat' dir='ltr'>nuifl&#39;xme</span> <span class='ocrx_word' id='word_1_54' title='bbox 829 657 977 698; x_wconf 84' lang='lat' dir='ltr'>striata.</span> <span class='ocrx_word' id='word_1_55' title='bbox 993 658 1120 698; x_wconf 81' lang='lat' dir='ltr'><em>Pedes</em></span> <span class='ocrx_word' id='word_1_56' title='bbox 1138 658 1297 700; x_wconf 86' lang='lat' dir='ltr'>breves.</span> <span class='ocrx_word' id='word_1_57' title='bbox 1317 661 1378 699; x_wconf 85' lang='lat' dir='ltr'>Ex</span> <span class='ocrx_word' id='word_1_58' title='bbox 1397 667 1540 698; x_wconf 86' lang='lat' dir='ltr'>natura</span> 
     </span>
     <span class='ocr_line' id='line_1_11' title="bbox 643 713 1537 768; baseline 0 -15"><span class='ocrx_word' id='word_1_59' title='bbox 643 714 805 753; x_wconf 84' lang='lat' dir='ltr'>videtur</span> <span class='ocrx_word' id='word_1_60' title='bbox 874 714 1011 766; x_wconf 84' lang='lat' dir='ltr'>potius</span> <span class='ocrx_word' id='word_1_61' title='bbox 1066 714 1230 768; x_wconf 86' lang='lat' dir='ltr'>generis</span> <span class='ocrx_word' id='word_1_62' title='bbox 1280 713 1537 758; x_wconf 88' lang='lat' dir='ltr'>dermestidis.</span> 
     </span>
     <span class='ocr_line' id='line_1_12' title="bbox 639 768 973 824; baseline 0 -14"><span class='ocrx_word' id='word_1_63' title='bbox 639 768 769 810; x_wconf 83' lang='lat' dir='ltr'>Faun.</span> <span class='ocrx_word' id='word_1_64' title='bbox 800 778 900 824; x_wconf 84' lang='lat'>742.</span> <span class='ocrx_word' id='word_1_65' title='bbox 964 812 973 823; x_wconf 52' lang='grc'>,</span> 
     </span>
    </p>
   </div>
   <div class='ocr_carea' id='block_1_3' title="bbox 257 890 1541 1450">
    <p class='ocr_par' dir='ltr' id='par_1_5' title="bbox 257 890 1541 1000">
     <span class='ocr_line' id='line_1_13' title="bbox 257 890 1541 953; baseline 0.002 -17"><span class='ocrx_word' id='word_1_66' title='bbox 257 890 511 938; x_wconf 78' lang='lat' dir='ltr'>Dermefloi-</span> <span class='ocrx_word' id='word_1_67' title='bbox 535 904 602 950; x_wconf 82' lang='lat'>29.</span> <span class='ocrx_word' id='word_1_68' title='bbox 634 899 682 936; x_wconf 85' lang='lat' dir='ltr'>E.</span> <span class='ocrx_word' id='word_1_69' title='bbox 737 899 755 949; x_wconf 97' lang='lat'>(</span> <span class='ocrx_word' id='word_1_70' title='bbox 794 897 832 938; x_wconf 86' lang='lat' dir='ltr'>le</span> <span class='ocrx_word' id='word_1_71' title='bbox 879 898 1143 940; x_wconf 78' lang='lat' dir='ltr'>dermeflo&#39;ide</span> <span class='ocrx_word' id='word_1_72' title='bbox 1182 900 1201 950; x_wconf 91' lang='lat'>)</span> <span class='ocrx_word' id='word_1_73' title='bbox 1250 897 1541 953; x_wconf 81' lang='lat' dir='ltr'>subpubescens</span> 
     </span>
     <span class='ocr_line' id='line_1_14' title="bbox 278 951 1390 1000; baseline 0.002 -8"><span class='ocrx_word' id='word_1_74' title='bbox 278 952 362 994; x_wconf 82' lang='lat' dir='ltr'>des.</span> <span class='ocrx_word' id='word_1_75' title='bbox 641 951 878 1000; x_wconf 80' lang='lat' dir='ltr'>subfuscus,</span> <span class='ocrx_word' id='word_1_76' title='bbox 912 956 1099 995; x_wconf 82' lang='lat' dir='ltr'>antennis</span> <span class='ocrx_word' id='word_1_77' title='bbox 1129 953 1390 995; x_wconf 79' lang='lat' dir='ltr'>subclavatis.</span> 
     </span>
    </p>

    <p class='ocr_par' dir='ltr' id='par_1_6' title="bbox 581 1006 1244 1061">
     <span class='ocr_line' id='line_1_15' title="bbox 581 1006 1244 1061; baseline 0.008 -15"><span class='ocrx_word' id='word_1_78' title='bbox 581 1006 705 1061; x_wconf 77' lang='lat' dir='ltr'>Geoffi</span> <span class='ocrx_word' id='word_1_79' title='bbox 742 1009 869 1049; x_wconf 84' lang='lat' dir='ltr'>elater</span> <span class='ocrx_word' id='word_1_80' title='bbox 903 1008 1146 1051; x_wconf 86' lang='lat' dir='ltr'>clavicornis</span> <span class='ocrx_word' id='word_1_81' title='bbox 1180 1009 1244 1051; x_wconf 86' lang='lat'>16.</span> 
     </span>
    </p>

    <p class='ocr_par' dir='ltr' id='par_1_7' title="bbox 578 1062 1140 1118">
     <span class='ocr_line' id='line_1_16' title="bbox 578 1062 1140 1118; baseline 0.007 -17"><span class='ocrx_word' id='word_1_82' title='bbox 578 1062 679 1103; x_wconf 79' lang='lat' dir='ltr'>Hah.</span> <span class='ocrx_word' id='word_1_83' title='bbox 711 1064 894 1118; x_wconf 83' lang='lat' dir='ltr'>Upsaliae.</span> <span class='ocrx_word' id='word_1_84' title='bbox 925 1067 970 1104; x_wconf 91' lang='lat' dir='ltr'>In</span> <span class='ocrx_word' id='word_1_85' title='bbox 997 1065 1140 1105; x_wconf 88' lang='lat' dir='ltr'>Gallia.</span> 
     </span>
    </p>

    <p class='ocr_par' dir='ltr' id='par_1_8' title="bbox 577 1118 1537 1271">
     <span class='ocr_line' id='line_1_17' title="bbox 577 1118 1537 1176; baseline 0.002 -18"><span class='ocrx_word' id='word_1_86' title='bbox 577 1120 720 1172; x_wconf 78' lang='lat' dir='ltr'>Facies</span> <span class='ocrx_word' id='word_1_87' title='bbox 767 1118 1040 1167; x_wconf 84' lang='lat' dir='ltr'>dermestidis,</span> <span class='ocrx_word' id='word_1_88' title='bbox 1084 1121 1322 1176; x_wconf 81' lang='lat' dir='ltr'>magnitudo</span> <span class='ocrx_word' id='word_1_89' title='bbox 1366 1120 1537 1161; x_wconf 85' lang='lat' dir='ltr'>elateris</span> 
     </span>
     <span class='ocr_line' id='line_1_18' title="bbox 637 1175 1531 1229; baseline 0.001 -15"><span class='ocrx_word' id='word_1_90' title='bbox 637 1176 793 1215; x_wconf 83' lang='lat' dir='ltr'>minuti.</span> <span class='ocrx_word' id='word_1_91' title='bbox 826 1175 970 1229; x_wconf 75' lang='lat' dir='ltr'>Elytra</span> <span class='ocrx_word' id='word_1_92' title='bbox 1004 1176 1175 1217; x_wconf 84' lang='lat' dir='ltr'>sordide--</span> <span class='ocrx_word' id='word_1_93' title='bbox 1206 1175 1313 1216; x_wconf 85' lang='lat' dir='ltr'>fusca</span> <span class='ocrx_word' id='word_1_94' title='bbox 1336 1207 1348 1226; x_wconf 86' lang='lat'>‚</span> <span class='ocrx_word' id='word_1_95' title='bbox 1380 1176 1531 1229; x_wconf 83' lang='lat' dir='ltr'>subpu-</span> 
     </span>
     <span class='ocr_line' id='line_1_19' title="bbox 640 1230 859 1271; baseline 0.009 -2"><span class='ocrx_word' id='word_1_96' title='bbox 640 1230 859 1271; x_wconf 77' lang='lat' dir='ltr'>bescenria.</span> 
     </span>
    </p>

    <p class='ocr_par' dir='ltr' id='par_1_9' title="bbox 574 1283 1536 1450">
     <span class='ocr_line' id='line_1_20' title="bbox 574 1283 1534 1339; baseline 0.002 -16"><span class='ocrx_word' id='word_1_97' title='bbox 574 1283 665 1335; x_wconf 78' lang='lat' dir='ltr'><em>Obs.</em></span> <span class='ocrx_word' id='word_1_98' title='bbox 686 1286 820 1326; x_wconf 86' lang='lat' dir='ltr'>Primo</span> <span class='ocrx_word' id='word_1_99' title='bbox 850 1287 998 1339; x_wconf 79' lang='lat' dir='ltr'>intuitu</span> <span class='ocrx_word' id='word_1_100' title='bbox 1026 1286 1238 1327; x_wconf 87' lang='lat' dir='ltr'>dermestes</span> <span class='ocrx_word' id='word_1_101' title='bbox 1260 1286 1357 1336; x_wconf 88' lang='lat' dir='ltr'>,sed</span> <span class='ocrx_word' id='word_1_102' title='bbox 1390 1287 1534 1326; x_wconf 84' lang='lat' dir='ltr'>dentes</span> 
     </span>
     <span class='ocr_line' id='line_1_21' title="bbox 632 1340 1536 1395; baseline 0.001 -16"><span class='ocrx_word' id='word_1_103' title='bbox 632 1340 812 1381; x_wconf 76' lang='lat' dir='ltr'>thoracis</span> <span class='ocrx_word' id='word_1_104' title='bbox 842 1343 880 1382; x_wconf 71' lang='grc' dir='ltr'>ὅτ</span> <span class='ocrx_word' id='word_1_105' title='bbox 909 1343 1100 1395; x_wconf 88' lang='lat' dir='ltr'>imprimis</span> <span class='ocrx_word' id='word_1_106' title='bbox 1113 1341 1238 1382; x_wconf 87' lang='lat' dir='ltr'>incile</span> <span class='ocrx_word' id='word_1_107' title='bbox 1263 1345 1312 1381; x_wconf 83' lang='lat' dir='ltr'>ad</span> <span class='ocrx_word' id='word_1_108' title='bbox 1340 1351 1536 1381; x_wconf 83' lang='lat' dir='ltr'>antennas</span> 
     </span>
     <span class='ocr_line' id='line_1_22' title="bbox 631 1396 1483 1450; baseline 0.004 -15"><span class='ocrx_word' id='word_1_109' title='bbox 631 1396 883 1450; x_wconf 81' lang='lat' dir='ltr'>recipiendas</span> <span class='ocrx_word' id='word_1_110' title='bbox 912 1398 962 1437; x_wconf 88' lang='lat' dir='ltr'>ad</span> <span class='ocrx_word' id='word_1_111' title='bbox 992 1396 1073 1438; x_wconf 90' lang='lat' dir='ltr'>hoc</span> <span class='ocrx_word' id='word_1_112' title='bbox 1107 1410 1234 1450; x_wconf 86' lang='lat' dir='ltr'>genus</span> <span class='ocrx_word' id='word_1_113' title='bbox 1264 1398 1483 1450; x_wconf 63' lang='lat' dir='ltr'>reducunt.</span> 
     </span>
    </p>
   </div>
   <div class='ocr_carea' id='block_1_4' title="bbox 769 1524 1018 1567">
    <p class='ocr_par' dir='ltr' id='par_1_10' title="bbox 769 1524 1018 1567">
     <span class='ocr_line' id='line_1_23' title="bbox 769 1524 1018 1567; baseline 0.012 -3"><span class='ocrx_word' id='word_1_114' title='bbox 769 1524 836 1565; x_wconf 85' lang='lat' dir='ltr'>Ex</span> <span class='ocrx_word' id='word_1_115' title='bbox 870 1524 1018 1567; x_wconf 84' lang='lat' dir='ltr'>Enum.</span> 
     </span>
    </p>
   </div>
   <div class='ocr_carea' id='block_1_5' title="bbox 299 1632 1532 2063">
    <p class='ocr_par' dir='ltr' id='par_1_11' title="bbox 299 1632 1532 1797">
     <span class='ocr_line' id='line_1_24' title="bbox 299 1632 1532 1689; baseline 0.003 -18"><span class='ocrx_word' id='word_1_116' title='bbox 299 1632 461 1675; x_wconf 86' lang='lat' dir='ltr'>Nitens.</span> <span class='ocrx_word' id='word_1_117' title='bbox 494 1642 561 1687; x_wconf 89' lang='lat'>30.</span> <span class='ocrx_word' id='word_1_118' title='bbox 594 1637 640 1674; x_wconf 91' lang='lat' dir='ltr'>E.</span> <span class='ocrx_word' id='word_1_119' title='bbox 689 1637 707 1686; x_wconf 94' lang='lat'>(</span> <span class='ocrx_word' id='word_1_120' title='bbox 745 1634 783 1675; x_wconf 90' lang='lat' dir='ltr'>le</span> <span class='ocrx_word' id='word_1_121' title='bbox 829 1635 992 1686; x_wconf 81' lang='lat' dir='ltr'>brillant</span> <span class='ocrx_word' id='word_1_122' title='bbox 1026 1636 1044 1684; x_wconf 96' lang='lat'>)</span> <span class='ocrx_word' id='word_1_123' title='bbox 1100 1635 1269 1675; x_wconf 85' lang='lat' dir='ltr'>thorace</span> <span class='ocrx_word' id='word_1_124' title='bbox 1314 1635 1532 1689; x_wconf 82' lang='lat' dir='ltr'>elytrisque</span> 
     </span>
     <span class='ocr_line' id='line_1_25' title="bbox 629 1688 1530 1743; baseline 0.002 -14"><span class='ocrx_word' id='word_1_125' title='bbox 629 1688 1052 1743; x_wconf 59' lang='lat' dir='ltr'>caerulescenti-aeneis</span> <span class='ocrx_word' id='word_1_126' title='bbox 1081 1719 1094 1740; x_wconf 95' lang='lat'><strong>,</strong></span> <span class='ocrx_word' id='word_1_127' title='bbox 1151 1691 1318 1743; x_wconf 81' lang='lat' dir='ltr'>pedibus</span> <span class='ocrx_word' id='word_1_128' title='bbox 1361 1689 1530 1731; x_wconf 86' lang='lat' dir='ltr'>obscure</span> 
     </span>
     <span class='ocr_line' id='line_1_26' title="bbox 632 1745 919 1797; baseline 0.01 -14"><span class='ocrx_word' id='word_1_129' title='bbox 632 1745 919 1797; x_wconf 81' lang='lat' dir='ltr'>viridi-aeneis.</span> 
     </span>
    </p>

    <p class='ocr_par' dir='ltr' id='par_1_12' title="bbox 578 1797 821 1853">
     <span class='ocr_line' id='line_1_27' title="bbox 578 1797 821 1853; baseline 0.008 -15"><span class='ocrx_word' id='word_1_130' title='bbox 578 1797 693 1850; x_wconf 79' lang='lat' dir='ltr'>Scop.</span> <span class='ocrx_word' id='word_1_131' title='bbox 725 1810 821 1853; x_wconf 84' lang='lat'>279.</span> 
     </span>
    </p>

    <p class='ocr_par' dir='ltr' id='par_1_13' title="bbox 586 1853 1532 2021">
     <span class='ocr_line' id='line_1_28' title="bbox 586 1853 1532 1909; baseline 0.001 -16"><span class='ocrx_word' id='word_1_132' title='bbox 586 1853 681 1905; x_wconf 71' lang='lat' dir='ltr'>Obfi</span> <span class='ocrx_word' id='word_1_133' title='bbox 714 1854 818 1895; x_wconf 82' lang='lat' dir='ltr'>Elat.</span> <span class='ocrx_word' id='word_1_134' title='bbox 844 1869 962 1896; x_wconf 87' lang='lat' dir='ltr'>aeneo</span> <span class='ocrx_word' id='word_1_135' title='bbox 990 1869 1061 1909; x_wconf 83' lang='lat' dir='ltr'>per</span> <span class='ocrx_word' id='word_1_136' title='bbox 1088 1856 1222 1896; x_wconf 87' lang='lat' dir='ltr'>omnia</span> <span class='ocrx_word' id='word_1_137' title='bbox 1248 1855 1378 1895; x_wconf 73' lang='lat' dir='ltr'>similis</span> <span class='ocrx_word' id='word_1_138' title='bbox 1400 1885 1413 1904; x_wconf 91' lang='lat'>‚</span> <span class='ocrx_word' id='word_1_139' title='bbox 1439 1854 1532 1895; x_wconf 86' lang='lat' dir='ltr'>solis</span> 
     </span>
     <span class='ocr_line' id='line_1_29' title="bbox 628 1910 1524 1963; baseline 0.001 -14"><span class='ocrx_word' id='word_1_140' title='bbox 628 1910 794 1963; x_wconf 82' lang='lat' dir='ltr'>pedibus</span> <span class='ocrx_word' id='word_1_141' title='bbox 824 1910 1025 1951; x_wconf 82' lang='lat' dir='ltr'>abdomini</span> <span class='ocrx_word' id='word_1_142' title='bbox 1048 1911 1335 1953; x_wconf 85' lang='lat' dir='ltr'>concoloribus</span> <span class='ocrx_word' id='word_1_143' title='bbox 1371 1911 1410 1952; x_wconf 83' lang='lat'>&amp;</span> <span class='ocrx_word' id='word_1_144' title='bbox 1440 1923 1524 1950; x_wconf 90' lang='lat' dir='ltr'>non</span> 
     </span>
     <span class='ocr_line' id='line_1_30' title="bbox 629 1965 1118 2021; baseline 0.006 -17"><span class='ocrx_word' id='word_1_145' title='bbox 629 1965 729 2005; x_wconf 88' lang='lat' dir='ltr'>nihil</span> <span class='ocrx_word' id='word_1_146' title='bbox 759 1965 896 2021; x_wconf 74' lang='lat' dir='ltr'>pilosis</span> <span class='ocrx_word' id='word_1_147' title='bbox 925 1967 1118 2007; x_wconf 86' lang='lat' dir='ltr'>diversus.</span> 
     </span>
    </p>

    <p class='ocr_par' dir='ltr' id='par_1_14' title="bbox 572 2020 1129 2063">
     <span class='ocr_line' id='line_1_31' title="bbox 572 2020 1129 2063; baseline 0.004 -3"><span class='ocrx_word' id='word_1_148' title='bbox 572 2020 676 2061; x_wconf 83' lang='lat' dir='ltr'>Hah.</span> <span class='ocrx_word' id='word_1_149' title='bbox 705 2024 815 2062; x_wconf 88' lang='lat' dir='ltr'>Inter</span> <span class='ocrx_word' id='word_1_150' title='bbox 842 2021 954 2062; x_wconf 89' lang='lat' dir='ltr'>olera</span> <span class='ocrx_word' id='word_1_151' title='bbox 984 2023 1129 2063; x_wconf 87' lang='lat' dir='ltr'>Linc1i.</span> 
     </span>
    </p>
   </div>
   <div class='ocr_carea' id='block_1_6' title="bbox 247 2147 1537 2425">
    <p class='ocr_par' dir='ltr' id='par_1_15' title="bbox 247 2147 1537 2314">
     <span class='ocr_line' id='line_1_32' title="bbox 247 2147 1537 2207; baseline -0.007 -12"><span class='ocrx_word' id='word_1_152' title='bbox 247 2153 485 2195; x_wconf 85' lang='lat' dir='ltr'>Thoraicus.</span> <span class='ocrx_word' id='word_1_153' title='bbox 516 2162 582 2207; x_wconf 86' lang='lat'>31.</span> <span class='ocrx_word' id='word_1_154' title='bbox 611 2155 657 2192; x_wconf 89' lang='lat' dir='ltr'>E.</span> <span class='ocrx_word' id='word_1_155' title='bbox 693 2153 710 2201; x_wconf 94' lang='lat'>(</span> <span class='ocrx_word' id='word_1_156' title='bbox 739 2150 776 2191; x_wconf 89' lang='lat' dir='ltr'>le</span> <span class='ocrx_word' id='word_1_157' title='bbox 814 2152 986 2204; x_wconf 66' lang='lat' dir='ltr'>ponc&#39;iue</span> <span class='ocrx_word' id='word_1_158' title='bbox 1012 2152 1029 2201; x_wconf 93' lang='lat'>)</span> <span class='ocrx_word' id='word_1_159' title='bbox 1062 2150 1192 2198; x_wconf 26' lang='lat' dir='ltr'>fussscus</span> <span class='ocrx_word' id='word_1_160' title='bbox 1211 2179 1224 2198; x_wconf 87' lang='lat'>‚</span> <span class='ocrx_word' id='word_1_161' title='bbox 1255 2148 1403 2188; x_wconf 82' lang='lat' dir='ltr'>thorax</span> <span class='ocrx_word' id='word_1_162' title='bbox 1432 2147 1537 2201; x_wconf 65' lang='lat' dir='ltr'>ely-</span> 
     </span>
     <span class='ocr_line' id='line_1_33' title="bbox 632 2203 1529 2259; baseline -0.006 -13"><span class='ocrx_word' id='word_1_163' title='bbox 632 2217 774 2258; x_wconf 86' lang='lat' dir='ltr'>traque</span> <span class='ocrx_word' id='word_1_164' title='bbox 818 2206 969 2259; x_wconf 71' lang='lat' dir='ltr'>punffis</span> <span class='ocrx_word' id='word_1_165' title='bbox 1007 2205 1146 2245; x_wconf 88' lang='lat' dir='ltr'>albidis</span> <span class='ocrx_word' id='word_1_166' title='bbox 1189 2204 1356 2257; x_wconf 77' lang='lat' dir='ltr'>spars18‚</span> <span class='ocrx_word' id='word_1_167' title='bbox 1400 2203 1529 2243; x_wconf 84' lang='lat' dir='ltr'>abdo-</span> 
     </span>
     <span class='ocr_line' id='line_1_34' title="bbox 630 2260 1347 2314; baseline 0 -14"><span class='ocrx_word' id='word_1_168' title='bbox 630 2262 752 2301; x_wconf 78' lang='lat' dir='ltr'>mine&#39;</span> <span class='ocrx_word' id='word_1_169' title='bbox 775 2261 892 2314; x_wconf 86' lang='lat' dir='ltr'>supra</span> <span class='ocrx_word' id='word_1_170' title='bbox 925 2260 1054 2300; x_wconf 82' lang='lat' dir='ltr'>fulvo.</span> <span class='ocrx_word' id='word_1_171' title='bbox 1114 2276 1119 2280; x_wconf 81' lang='grc'>’</span> <span class='ocrx_word' id='word_1_172' title='bbox 1297 2274 1300 2279; x_wconf 84' lang='grc'><strong>’</strong></span> <span class='ocrx_word' id='word_1_173' title='bbox 1342 2273 1347 2282; x_wconf 66' lang='lat'><em>&#39;</em></span> 
     </span>
    </p>

    <p class='ocr_par' dir='ltr' id='par_1_16' title="bbox 580 2316 1367 2367">
     <span class='ocr_line' id='line_1_35' title="bbox 580 2316 1367 2367; baseline -0.004 -12"><span class='ocrx_word' id='word_1_174' title='bbox 580 2316 695 2367; x_wconf 76' lang='lat' dir='ltr'>Scop.</span> <span class='ocrx_word' id='word_1_175' title='bbox 727 2316 835 2355; x_wconf 71' lang='lat'><em>282..</em></span> <span class='ocrx_word' id='word_1_176' title='bbox 1360 2360 1367 2367; x_wconf 45' lang='lat'><strong>·</strong></span> 
     </span>
    </p>

    <p class='ocr_par' dir='ltr' id='par_1_17' title="bbox 581 2369 1472 2425">
     <span class='ocr_line' id='line_1_36' title="bbox 581 2369 1472 2425; baseline -0.003 -15"><span class='ocrx_word' id='word_1_177' title='bbox 581 2370 679 2412; x_wconf 69' lang='lat' dir='ltr'>Hah.</span> <span class='ocrx_word' id='word_1_178' title='bbox 707 2372 744 2410; x_wconf 83' lang='lat' dir='ltr'>in</span> <span class='ocrx_word' id='word_1_179' title='bbox 782 2370 946 2422; x_wconf 80' lang='lat' dir='ltr'>floribus</span> <span class='ocrx_word' id='word_1_180' title='bbox 975 2369 1208 2425; x_wconf 86' lang='lat' dir='ltr'>euphorbiae</span> <span class='ocrx_word' id='word_1_181' title='bbox 1237 2369 1472 2424; x_wconf 62' lang='grc' dir='ltr'>εγρανιζθὶιτ..</span> 
     </span>
    </p>
   </div>
  </div>
 </body>
</html>
