1687 2799
288 204 374 244 :100
429 190 689 234 INSECTA
722 169 1150 223 COLEOPTERAj
1179 156 1430 207 Coccineliai

623 293 724 336 Hah.
759 290 800 329 z'n
829 291 1002 338 Europa.
1045 285 1090 322 In
1122 276 1265 319 Gallia.
1290 275 1345 314 V.

623 349 741 398 Dese.
774 343 898 393 Caput
926 342 1080 392 nigrum
1117 331 1272 374 macula
1303 327 1390 367 alba
1421 320 1573 363 fronti&

675 403 910 443 tridentata.
964 391 1126 433 Thorax
1180 384 1344 427 maculis
1398 387 1571 432 quatuor

680 457 792 498 albis.
824 452 970 505 Elytra
1011 446 1120 486 fulva
1155 441 1331 495 margine
1369 433 1574 476 exteriore

680 514 789 554 flavo
808 540 820 559 ,
858 513 999 547 notata
1034 500 1179 554 punem
1209 499 1324 548 nigro
1352 493 1401 531 ad
1430 487 1536 528 basm
1557 514 1573 534 ,

680 565 884 617 tribusque
918 554 1166 599 transversim
1203 549 1337 604 positis
1366 548 1407 585 in
1440 541 1575 582 medio

683 624 721 665 δι
761 618 924 660 minimo
971 615 1020 653 ad
1065 611 1218 663 apicem
1265 602 1400 656 elytri.
1444 597 1575 637 Pedes-

687 676 838 732 pallidi.
870 671 998 711 Faun.
1028 675 1125 719 479.

631 735 721 785 Obs.
750 729 899 772 Pumsta
929 736 966 764 1.
998 734 1034 763 1.
1064 732 1101 760 Ι.
1136 729 1174 758 1.
1205 717 1244 757 &
1274 711 1430 753 duobus
1459 719 1581 749 com-

690 786 889 830 munibus.
916 784 963 821 F.

301 928 372 962 ιι.
389 911 597 957 Ριιηᾶεῖει.
616 902 682 946 16.
701 902 749 942 C.
779 901 797 949 (
816 899 838 937 ὲ
856 905 959 936 onze
979 885 1148 944 points)
1177 877 1398 932 coleoptris
1424 872 1553 914 rubris
1571 883 1584 908 2

689 955 844 1012 punstis
873 948 998 1002 nigris
1036 940 1236 982 undecim.
1270 938 1289 955 ⁴*
1323 933 1353 972 S
1357 944 1476 972 trom.
1513 924 1590 968 aa.

689 1013 792 1054 nidr.
819 1019 858 1062 3.
895 1021 939 1056 p.
972 998 1066 1055 388.
1101 1008 1132 1035 τ.
1160 994 1198 1035 6.
1255 1021 1265 1031 .
1293 1000 1333 1030 2.

635 1069 809 1113 Merian.
843 1074 975 1111 europ.
1011 1050 1103 1094 168.

640 1126 737 1169 Fab.
771 1131 838 1176 31.

643 1182 789 1223 Enum.
821 1183 896 1214 101

643 1238 707 1279 De
742 1232 843 1272 Geer
913 1223 937 1265 8

648 1288 773 1343 Geoff.
803 1294 840 1342 9.
861 1260 995 1336 ’Apud
1024 1275 1119 1316 Fab.
1149 1271 1216 1312 sed
1245 1281 1327 1308 non
1362 1265 1464 1318 jure.

649 1347 754 1387 Hah.
782 1344 822 1382 in
850 1342 1023 1389 Europa.
1053 1335 1098 1372 In
1131 1326 1272 1368 Galliae
1297 1319 1494 1362 salicibus.
1523 1314 1580 1354 V.

646 1401 764 1451 Desc.
799 1400 908 1436 Inter
941 1388 1120 1430 minimas
1157 1380 1274 1432 huius
1311 1374 1468 1431 generis
1500 1369 1596 1422 spe-

703 1456 788 1496 cies
825 1451 912 1489 haec
939 1444 1004 1486 est.
1035 1439 1185 1483 PunC'ffl
1214 1436 1255 1475 in
1284 1429 1435 1483 fingulo
1464 1424 1601 1479 elytro

704 1509 882 1561 quinque
908 1511 1032 1555 parva
1049 1526 1062 1544 ,
1093 1495 1247 1535 sextum
1281 1487 1406 1537 majus
1441 1480 1496 1522 est
1521 1477 1604 1519 sese

706 1561 930 1603 extendens
948 1556 997 1593 ad
1012 1559 1223 1599 utrumque
1243 1544 1422 1595 elytron.
1442 1534 1481 1576 T
1478 1536 1606 1575 homa:

707 1618 824 1671 niger
852 1609 1006 1667 punffis
1033 1603 1188 1644 duobus
1214 1598 1327 1638 albis.
1356 1593 1485 1633 Faun.
1505 1588 1605 1641 480.

318 1755 391 1792 12.
405 1739 615 1785 Pumstata.
636 1741 704 1788 17.
726 1729 774 1769 C.
805 1727 862 1777 (ὲ
881 1724 1012 1762 douze
1030 1711 1201 1770 points)
1229 1702 1451 1757 coleoptris
1470 1698 1605 1740 flavis:

713 1782 867 1839 p'unffis
899 1775 1024 1830 nigris
1049 1771 1118 1811 sex
1141 1782 1151 1806 t
1179 1764 1329 1805 extimo
1354 1757 1497 1798 lineari
1536 1766 1609 1794 re·-

661 1949 819 2004 Schaeffl
858 1947 960 1986 icon.
989 1953 1020 1982 t.
1056 1934 1179 1988 5I.f.
1212 1929 1252 1971 6.

663 2008 764 2049 Hah.
793 2005 834 2044 in
860 2004 1034 2051 Europa.
1067 1996 1112 2033 In
1138 1987 1279 2029 Gamae
1308 1980 1452 2022 hortis.
1483 1978 1538 2017 V.

665 2062 842 2106 Minuta.
858 2057 1029 2096 Thorax
1045 2051 1180 2101 flavus
1198 2038 1348 2094 paneis
1378 2031 1616 2084 maculisque

723 2117 875 2159 duabus
909 2109 1050 2161 nigris.
1080 2101 1222 2156 Eiytra
1243 2097 1392 2146 flava,·
1418 2086 1558 2139 panda
1595 2091 1614 2132 5

726 2174 839 2223 nigra
857 2197 870 2217 ‚
891 2177 1037 2219 praeter
1064 2155 1297 2197 exteriorem
1318 2177 1331 2196 ,
1373 2143 1478 2199 quast
1513 2155 1561 2180 ex
1592 2148 1621 2190 4

723 2223 874 2282 pandis
905 2228 1114 2260 connatam
1131 2240 1143 2259 ‚
1173 2208 1320 2247 lineare
1342 2231 1353 2250 ,
1381 2197 1622 2250 repandum,

728 2282 785 2323 ad
815 2276 1029 2326 marginem
1061 2265 1292 2306 exteriorem
1325 2258 1425 2296 inter
1449 2252 1624 2304 primurn

733 2340 766 2377 δ’
806 2333 984 2374 ultimum
1020 2320 1214 2376 pandum.
1264 2316 1409 2354 Sutura
1447 2306 1626 2365 longine-
