<?xml version="1.0" encoding="UTF-8"?>
<!DOCTYPE html PUBLIC "-//W3C//DTD XHTML 1.0 Transitional//EN"
    "http://www.w3.org/TR/xhtml1/DTD/xhtml1-transitional.dtd">
<html xmlns="http://www.w3.org/1999/xhtml" xml:lang="en" lang="en">
 <head>
  <title>
</title>
<meta http-equiv="Content-Type" content="text/html;charset=utf-8" />
  <meta name='ocr-system' content='tesseract 3.04.00' />
  <meta name='ocr-capabilities' content='ocr_page ocr_carea ocr_par ocr_line ocrx_word'/>
</head>
<body>
  <div class='ocr_page' id='page_1' title='image "./carolilinnient01linn_0050.png"; bbox 0 0 1687 2799; ppageno 0'>
   <div class='ocr_carea' id='block_1_1' title="bbox 355 133 1511 196">
    <p class='ocr_par' dir='ltr' id='par_1_1' title="bbox 355 133 1511 196">
     <span class='ocr_line' id='line_1_1' title="bbox 355 133 1511 196; baseline 0.004 -18"><span class='ocrx_word' id='word_1_1' title='bbox 355 150 409 196; x_wconf 83' lang='lat'><strong>30</strong></span> <span class='ocrx_word' id='word_1_2' title='bbox 478 140 756 183; x_wconf 80' lang='lat' dir='ltr'><strong>INSECTA</strong></span> <span class='ocrx_word' id='word_1_3' title='bbox 785 133 1235 179; x_wconf 70' lang='lat' dir='ltr'><strong>CozEOPTERA.</strong></span> <span class='ocrx_word' id='word_1_4' title='bbox 1266 138 1511 186; x_wconf 70' lang='lat' dir='ltr'><strong>Scarabaeus.</strong></span> 
     </span>
    </p>
   </div>
   <div class='ocr_carea' id='block_1_2' title="bbox 676 243 1622 687">
    <p class='ocr_par' dir='ltr' id='par_1_2' title="bbox 676 243 1618 300">
     <span class='ocr_line' id='line_1_2' title="bbox 676 243 1618 300; baseline 0.011 -16"><span class='ocrx_word' id='word_1_5' title='bbox 676 243 778 284; x_wconf 80' lang='lat' dir='ltr'><strong>Hah.</strong></span> <span class='ocrx_word' id='word_1_6' title='bbox 809 245 850 284; x_wconf 84' lang='lat' dir='ltr'><strong>in</strong></span> <span class='ocrx_word' id='word_1_7' title='bbox 880 246 1106 300; x_wconf 69' lang='lat' dir='ltr'><strong>Germania.</strong></span> <span class='ocrx_word' id='word_1_8' title='bbox 1133 249 1181 290; x_wconf 90' lang='lat' dir='ltr'><strong>P.</strong></span> <span class='ocrx_word' id='word_1_9' title='bbox 1203 249 1385 290; x_wconf 78' lang='lat' dir='ltr'><strong>Forskal.</strong></span> <span class='ocrx_word' id='word_1_10' title='bbox 1414 252 1458 290; x_wconf 91' lang='lat' dir='ltr'><strong>In</strong></span> <span class='ocrx_word' id='word_1_11' title='bbox 1477 250 1618 294; x_wconf 80' lang='lat' dir='ltr'><strong>Gallia.</strong></span> 
     </span>
    </p>

    <p class='ocr_par' dir='ltr' id='par_1_3' title="bbox 678 299 1622 687">
     <span class='ocr_line' id='line_1_3' title="bbox 678 299 1620 358; baseline 0.01 -20"><span class='ocrx_word' id='word_1_12' title='bbox 678 299 856 354; x_wconf 87' lang='lat' dir='ltr'><strong>Clypeus</strong></span> <span class='ocrx_word' id='word_1_13' title='bbox 871 303 975 353; x_wconf 85' lang='lat' dir='ltr'><em>apice</em></span> <span class='ocrx_word' id='word_1_14' title='bbox 994 305 1255 356; x_wconf 74' lang='lat' dir='ltr'><strong>emarginato.</strong></span> <span class='ocrx_word' id='word_1_15' title='bbox 1274 307 1476 346; x_wconf 81' lang='lat' dir='ltr'><strong>Antennae</strong></span> <span class='ocrx_word' id='word_1_16' title='bbox 1486 309 1620 358; x_wconf 74' lang='lat' dir='ltr'><strong>picea».</strong></span> 
     </span>
     <span class='ocr_line' id='line_1_4' title="bbox 732 357 1621 413; baseline 0.009 -18"><span class='ocrx_word' id='word_1_17' title='bbox 732 357 888 410; x_wconf 90' lang='lat' dir='ltr'><strong>Corpus</strong></span> <span class='ocrx_word' id='word_1_18' title='bbox 919 359 1087 410; x_wconf 79' lang='lat' dir='ltr'><strong>nigrum.</strong></span> <span class='ocrx_word' id='word_1_19' title='bbox 1129 361 1297 402; x_wconf 77' lang='lat' dir='ltr'><strong>Thorax</strong></span> <span class='ocrx_word' id='word_1_20' title='bbox 1337 363 1584 413; x_wconf 79' lang='lat' dir='ltr'><strong>marginatus</strong></span> <span class='ocrx_word' id='word_1_21' title='bbox 1605 389 1621 409; x_wconf 84' lang='grc'>,</span> 
     </span>
     <span class='ocr_line' id='line_1_5' title="bbox 722 410 1620 468; baseline 0.009 -19"><span class='ocrx_word' id='word_1_22' title='bbox 722 410 1025 463; x_wconf 72' lang='lat' dir='ltr'><strong>planiusitulus,</strong></span> <span class='ocrx_word' id='word_1_23' title='bbox 1065 417 1174 467; x_wconf 79' lang='lat' dir='ltr'><strong>rugis</strong></span> <span class='ocrx_word' id='word_1_24' title='bbox 1203 418 1355 456; x_wconf 84' lang='lat' dir='ltr'><em>duabus</em></span> <span class='ocrx_word' id='word_1_25' title='bbox 1397 417 1620 468; x_wconf 80' lang='lat' dir='ltr'><strong>longitudi—</strong></span> 
     </span>
     <span class='ocr_line' id='line_1_6' title="bbox 730 467 1622 526; baseline 0.007 -20"><span class='ocrx_word' id='word_1_26' title='bbox 730 467 889 507; x_wconf 74' lang='lat' dir='ltr'><strong>nulibus</strong></span> <span class='ocrx_word' id='word_1_27' title='bbox 927 469 1106 509; x_wconf 79' lang='lat' dir='ltr'><strong>elevatis.</strong></span> <span class='ocrx_word' id='word_1_28' title='bbox 1149 471 1289 526; x_wconf 81' lang='lat' dir='ltr'><strong>Elytra</strong></span> <span class='ocrx_word' id='word_1_29' title='bbox 1320 473 1524 512; x_wconf 81' lang='lat' dir='ltr'><em>abdomine</em></span> <span class='ocrx_word' id='word_1_30' title='bbox 1553 474 1622 512; x_wconf 79' lang='lat' dir='ltr'><strong>di-</strong></span> 
     </span>
     <span class='ocr_line' id='line_1_7' title="bbox 729 522 1621 580; baseline 0.006 -19"><span class='ocrx_word' id='word_1_31' title='bbox 729 522 848 563; x_wconf 84' lang='lat' dir='ltr'><strong>midio</strong></span> <span class='ocrx_word' id='word_1_32' title='bbox 889 525 1083 564; x_wconf 74' lang='lat' dir='ltr'><strong>breviora.</strong></span> <span class='ocrx_word' id='word_1_33' title='bbox 1113 526 1326 568; x_wconf 90' lang='lat' dir='ltr'><strong>Abdomen</strong></span> <span class='ocrx_word' id='word_1_34' title='bbox 1359 543 1460 578; x_wconf 79' lang='lat' dir='ltr'><strong>pone</strong></span> <span class='ocrx_word' id='word_1_35' title='bbox 1489 528 1621 580; x_wconf 69' lang='lat' dir='ltr'><strong>elytmz</strong></span> 
     </span>
     <span class='ocr_line' id='line_1_8' title="bbox 723 579 1620 633; baseline 0.007 -16"><span class='ocrx_word' id='word_1_36' title='bbox 723 579 826 628; x_wconf 68' lang='grc' dir='ltr'><strong>[αρε</strong></span> <span class='ocrx_word' id='word_1_37' title='bbox 861 581 1070 620; x_wconf 82' lang='lat' dir='ltr'><em>cinereum.</em></span> <span class='ocrx_word' id='word_1_38' title='bbox 1098 580 1252 621; x_wconf 83' lang='lat' dir='ltr'><strong>Plantae</strong></span> <span class='ocrx_word' id='word_1_39' title='bbox 1274 584 1410 633; x_wconf 78' lang='lat' dir='ltr'><strong>piceae.</strong></span> <span class='ocrx_word' id='word_1_40' title='bbox 1442 583 1620 624; x_wconf 79' lang='lat' dir='ltr'><strong>Aculeus</strong></span> 
     </span>
     <span class='ocr_line' id='line_1_9' title="bbox 729 634 1424 687; baseline 0.01 -17"><span class='ocrx_word' id='word_1_41' title='bbox 729 634 797 672; x_wconf 83' lang='lat' dir='ltr'><strong>ani</strong></span> <span class='ocrx_word' id='word_1_42' title='bbox 813 635 981 687; x_wconf 82' lang='lat' dir='ltr'><strong>feminae</strong></span> <span class='ocrx_word' id='word_1_43' title='bbox 996 638 1177 686; x_wconf 62' lang='lat' dir='ltr'><strong>serratus</strong></span> <span class='ocrx_word' id='word_1_44' title='bbox 1193 666 1206 686; x_wconf 85' lang='lat'><strong>‚</strong></span> <span class='ocrx_word' id='word_1_45' title='bbox 1236 638 1424 687; x_wconf 60' lang='lat' dir='ltr'><strong>exsertus.</strong></span> 
     </span>
    </p>
   </div>
   <div class='ocr_carea' id='block_1_3' title="bbox 346 740 1620 2450">
    <p class='ocr_par' dir='ltr' id='par_1_4' title="bbox 347 740 1620 910">
     <span class='ocr_line' id='line_1_10' title="bbox 347 740 1620 802; baseline 0.002 -17"><span class='ocrx_word' id='word_1_46' title='bbox 347 743 574 785; x_wconf 83' lang='lat' dir='ltr'><strong>Farinosus.</strong></span> <span class='ocrx_word' id='word_1_47' title='bbox 597 740 665 795; x_wconf 82' lang='lat'><strong>46.</strong></span> <span class='ocrx_word' id='word_1_48' title='bbox 694 742 758 783; x_wconf 85' lang='lat' dir='ltr'><strong>Sc.</strong></span> <span class='ocrx_word' id='word_1_49' title='bbox 780 744 880 786; x_wconf 89' lang='lat' dir='ltr'><strong>scut.</strong></span> <span class='ocrx_word' id='word_1_50' title='bbox 899 748 917 796; x_wconf 95' lang='lat'>(</span> <span class='ocrx_word' id='word_1_51' title='bbox 935 745 1162 800; x_wconf 79' lang='lat' dir='ltr'><strong>l&#39;argente)</strong></span> <span class='ocrx_word' id='word_1_52' title='bbox 1191 748 1360 788; x_wconf 78' lang='lat' dir='ltr'><strong>muricus</strong></span> <span class='ocrx_word' id='word_1_53' title='bbox 1386 748 1500 802; x_wconf 85' lang='lat' dir='ltr'><strong>niger</strong></span> <span class='ocrx_word' id='word_1_54' title='bbox 1523 748 1620 801; x_wconf 80' lang='lat' dir='ltr'>pol-</span> 
     </span>
     <span class='ocr_line' id='line_1_11' title="bbox 733 799 1618 856; baseline 0.006 -18"><span class='ocrx_word' id='word_1_55' title='bbox 733 799 813 839; x_wconf 90' lang='lat' dir='ltr'><strong>line</strong></span> <span class='ocrx_word' id='word_1_56' title='bbox 855 801 1081 842; x_wconf 83' lang='lat' dir='ltr'><strong>virescente</strong></span> <span class='ocrx_word' id='word_1_57' title='bbox 1111 832 1124 851; x_wconf 87' lang='lat'>‚</span> <span class='ocrx_word' id='word_1_58' title='bbox 1170 802 1311 856; x_wconf 86' lang='lat' dir='ltr'><strong>elytris</strong></span> <span class='ocrx_word' id='word_1_59' title='bbox 1362 803 1618 844; x_wconf 71' lang='lat' dir='ltr'><strong>abbreviatis.</strong></span> 
     </span>
     <span class='ocr_line' id='line_1_12' title="bbox 729 854 1160 910; baseline 0.009 -17"><span class='ocrx_word' id='word_1_60' title='bbox 729 854 855 895; x_wconf 83' lang='lat' dir='ltr'><strong>Faun.</strong></span> <span class='ocrx_word' id='word_1_61' title='bbox 878 858 983 906; x_wconf 74' lang='lat' dir='ltr'><strong>fitec.</strong></span> <span class='ocrx_word' id='word_1_62' title='bbox 1017 866 1110 910; x_wconf 84' lang='lat'>399.</span> <span class='ocrx_word' id='word_1_63' title='bbox 1141 857 1160 877; x_wconf 77' lang='lat'><strong>⁴‘</strong></span> 
     </span>
    </p>

    <p class='ocr_par' dir='ltr' id='par_1_5' title="bbox 675 910 1482 968">
     <span class='ocr_line' id='line_1_13' title="bbox 675 910 1482 968; baseline 0.001 -17"><span class='ocrx_word' id='word_1_64' title='bbox 675 910 788 961; x_wconf 84' lang='lat' dir='ltr'><strong>Scop.</strong></span> <span class='ocrx_word' id='word_1_65' title='bbox 820 925 930 952; x_wconf 85' lang='lat' dir='ltr'><strong>carn.</strong></span> <span class='ocrx_word' id='word_1_66' title='bbox 954 922 992 966; x_wconf 87' lang='lat'><strong>9.</strong></span> <span class='ocrx_word' id='word_1_67' title='bbox 1025 912 1253 953; x_wconf 83' lang='lat' dir='ltr'><strong>Scarabaeus</strong></span> <span class='ocrx_word' id='word_1_68' title='bbox 1280 923 1482 968; x_wconf 80' lang='lat' dir='ltr'><strong>argentus.</strong></span> 
     </span>
    </p>

    <p class='ocr_par' dir='ltr' id='par_1_6' title="bbox 675 967 1506 1022">
     <span class='ocr_line' id='line_1_14' title="bbox 675 967 1506 1022; baseline 0.002 -16"><span class='ocrx_word' id='word_1_69' title='bbox 675 967 787 1006; x_wconf 84' lang='lat' dir='ltr'><strong><em>Poda</em></strong></span> <span class='ocrx_word' id='word_1_70' title='bbox 820 967 892 1017; x_wconf 83' lang='lat' dir='ltr'><strong>ins.</strong></span> <span class='ocrx_word' id='word_1_71' title='bbox 921 979 991 1010; x_wconf 86' lang='lat'><strong>20.</strong></span> <span class='ocrx_word' id='word_1_72' title='bbox 1017 968 1245 1008; x_wconf 85' lang='lat' dir='ltr'><strong>Scarabaeus</strong></span> <span class='ocrx_word' id='word_1_73' title='bbox 1279 978 1506 1022; x_wconf 84' lang='lat' dir='ltr'><strong>argenteus.</strong></span> 
     </span>
    </p>

    <p class='ocr_par' dir='ltr' id='par_1_7' title="bbox 675 1021 1396 1077">
     <span class='ocr_line' id='line_1_15' title="bbox 675 1021 1396 1077; baseline 0.004 -16"><span class='ocrx_word' id='word_1_74' title='bbox 675 1021 775 1061; x_wconf 82' lang='lat' dir='ltr'><strong>Hah.</strong></span> <span class='ocrx_word' id='word_1_75' title='bbox 804 1023 844 1061; x_wconf 85' lang='lat' dir='ltr'><strong>in</strong></span> <span class='ocrx_word' id='word_1_76' title='bbox 873 1026 1072 1077; x_wconf 83' lang='lat' dir='ltr'><strong>Europea.</strong></span> <span class='ocrx_word' id='word_1_77' title='bbox 1104 1026 1148 1064; x_wconf 90' lang='lat' dir='ltr'><strong>In</strong></span> <span class='ocrx_word' id='word_1_78' title='bbox 1170 1023 1312 1063; x_wconf 80' lang='lat' dir='ltr'><strong>Gallia.</strong></span> <span class='ocrx_word' id='word_1_79' title='bbox 1343 1026 1396 1066; x_wconf 79' lang='lat' dir='ltr'><strong>V,</strong></span> 
     </span>
    </p>

    <p class='ocr_par' dir='ltr' id='par_1_8' title="bbox 677 1076 1099 1133">
     <span class='ocr_line' id='line_1_16' title="bbox 677 1076 1099 1133; baseline 0.012 -18"><span class='ocrx_word' id='word_1_80' title='bbox 677 1076 792 1128; x_wconf 75' lang='lat' dir='ltr'>Scop.</span> <span class='ocrx_word' id='word_1_81' title='bbox 826 1078 1033 1133; x_wconf 63' lang='lat' dir='ltr'><strong>Arg-entus</strong></span> <span class='ocrx_word' id='word_1_82' title='bbox 1061 1089 1099 1132; x_wconf 81' lang='lat'><strong>9.</strong></span> 
     </span>
    </p>

    <p class='ocr_par' dir='ltr' id='par_1_9' title="bbox 672 1131 984 1188">
     <span class='ocr_line' id='line_1_17' title="bbox 672 1131 984 1188; baseline 0.013 -16"><span class='ocrx_word' id='word_1_83' title='bbox 672 1132 737 1172; x_wconf 86' lang='lat' dir='ltr'><strong>De</strong></span> <span class='ocrx_word' id='word_1_84' title='bbox 773 1131 887 1173; x_wconf 86' lang='lat' dir='ltr'><strong>Geer.</strong></span> <span class='ocrx_word' id='word_1_85' title='bbox 919 1145 984 1188; x_wconf 83' lang='lat'><strong>13.</strong></span> 
     </span>
    </p>

    <p class='ocr_par' dir='ltr' id='par_1_10' title="bbox 675 1188 974 1239">
     <span class='ocr_line' id='line_1_18' title="bbox 675 1188 974 1239; baseline 0.007 -11"><span class='ocrx_word' id='word_1_86' title='bbox 675 1188 787 1228; x_wconf 86' lang='lat' dir='ltr'><strong><em>Poda</em></strong></span> <span class='ocrx_word' id='word_1_87' title='bbox 811 1204 873 1239; x_wconf 81' lang='lat' dir='ltr'><strong>gr.</strong></span> <span class='ocrx_word' id='word_1_88' title='bbox 905 1201 974 1231; x_wconf 74' lang='lat'><strong>20.</strong></span> 
     </span>
    </p>

    <p class='ocr_par' dir='ltr' id='par_1_11' title="bbox 629 1242 1384 1299">
     <span class='ocr_line' id='line_1_19' title="bbox 629 1242 1384 1299; baseline 0.005 -18"><span class='ocrx_word' id='word_1_89' title='bbox 629 1277 648 1287; x_wconf 36' lang='grc' dir='ltr'><strong>ω</strong></span> <span class='ocrx_word' id='word_1_90' title='bbox 674 1242 775 1283; x_wconf 81' lang='lat' dir='ltr'><strong>Hah.</strong></span> <span class='ocrx_word' id='word_1_91' title='bbox 806 1245 846 1282; x_wconf 87' lang='lat' dir='ltr'><strong>in</strong></span> <span class='ocrx_word' id='word_1_92' title='bbox 875 1247 1048 1299; x_wconf 81' lang='lat' dir='ltr'>Europa.</span> <span class='ocrx_word' id='word_1_93' title='bbox 1083 1248 1127 1287; x_wconf 87' lang='lat' dir='ltr'><strong>In</strong></span> <span class='ocrx_word' id='word_1_94' title='bbox 1156 1244 1297 1286; x_wconf 86' lang='lat' dir='ltr'><strong>Gallia.</strong></span> <span class='ocrx_word' id='word_1_95' title='bbox 1331 1247 1384 1287; x_wconf 90' lang='lat' dir='ltr'><strong>V.</strong></span> 
     </span>
    </p>

    <p class='ocr_par' dir='ltr' id='par_1_12' title="bbox 674 1297 1616 1520">
     <span class='ocr_line' id='line_1_20' title="bbox 674 1297 1611 1355; baseline 0.003 -18"><span class='ocrx_word' id='word_1_96' title='bbox 674 1299 794 1348; x_wconf 78' lang='lat' dir='ltr'><strong>Desc.</strong></span> <span class='ocrx_word' id='word_1_97' title='bbox 836 1300 1079 1355; x_wconf 78' lang='lat' dir='ltr'>Magnitudo</span> <span class='ocrx_word' id='word_1_98' title='bbox 1117 1301 1201 1342; x_wconf 90' lang='lat' dir='ltr'><strong>fere</strong></span> <span class='ocrx_word' id='word_1_99' title='bbox 1227 1300 1325 1342; x_wconf 85' lang='lat' dir='ltr'><strong>sear.</strong></span> <span class='ocrx_word' id='word_1_100' title='bbox 1369 1297 1611 1350; x_wconf 82' lang='lat' dir='ltr'><strong>hortico1ae3</strong></span> 
     </span>
     <span class='ocr_line' id='line_1_21' title="bbox 730 1355 1616 1410; baseline 0.002 -17"><span class='ocrx_word' id='word_1_101' title='bbox 730 1363 842 1394; x_wconf 89' lang='lat' dir='ltr'><strong>totus</strong></span> <span class='ocrx_word' id='word_1_102' title='bbox 865 1357 1006 1410; x_wconf 88' lang='lat' dir='ltr'><strong>niger,</strong></span> <span class='ocrx_word' id='word_1_103' title='bbox 1034 1356 1196 1397; x_wconf 86' lang='lat' dir='ltr'><strong>obtusus</strong></span> <span class='ocrx_word' id='word_1_104' title='bbox 1211 1387 1223 1405; x_wconf 92' lang='lat'><strong><em>‚</em></strong></span> <span class='ocrx_word' id='word_1_105' title='bbox 1248 1355 1447 1409; x_wconf 87' lang='lat' dir='ltr'><strong>adspersus</strong></span> <span class='ocrx_word' id='word_1_106' title='bbox 1471 1357 1508 1396; x_wconf 71' lang='grc' dir='ltr'><strong>ὃ(</strong></span> <span class='ocrx_word' id='word_1_107' title='bbox 1532 1355 1616 1395; x_wconf 86' lang='lat' dir='ltr'><strong>fere</strong></span> 
     </span>
     <span class='ocr_line' id='line_1_22' title="bbox 728 1410 1616 1464; baseline 0.002 -16"><span class='ocrx_word' id='word_1_108' title='bbox 728 1410 855 1449; x_wconf 63' lang='lat' dir='ltr'><strong>tectus</strong></span> <span class='ocrx_word' id='word_1_109' title='bbox 889 1414 1031 1451; x_wconf 77' lang='lat' dir='ltr'><strong>atom1s</strong></span> <span class='ocrx_word' id='word_1_110' title='bbox 1061 1412 1254 1452; x_wconf 86' lang='lat' dir='ltr'><strong>viridibus</strong></span> <span class='ocrx_word' id='word_1_111' title='bbox 1280 1425 1292 1460; x_wconf 91' lang='lat'>;</span> <span class='ocrx_word' id='word_1_112' title='bbox 1327 1411 1458 1464; x_wconf 78' lang='lat' dir='ltr'><strong>elytra</strong></span> <span class='ocrx_word' id='word_1_113' title='bbox 1486 1410 1616 1450; x_wconf 87' lang='lat' dir='ltr'><strong>abdo-</strong></span> 
     </span>
     <span class='ocr_line' id='line_1_23' title="bbox 728 1465 1361 1520; baseline 0.005 -18"><span class='ocrx_word' id='word_1_114' title='bbox 728 1465 834 1504; x_wconf 86' lang='lat' dir='ltr'><strong>mine</strong></span> <span class='ocrx_word' id='word_1_115' title='bbox 866 1465 1068 1508; x_wconf 83' lang='lat' dir='ltr'><strong>breviora.</strong></span> <span class='ocrx_word' id='word_1_116' title='bbox 1110 1466 1236 1506; x_wconf 84' lang='lat' dir='ltr'><strong>Faun.</strong></span> <span class='ocrx_word' id='word_1_117' title='bbox 1268 1475 1361 1520; x_wconf 86' lang='lat'>399.</span> 
     </span>
    </p>

    <p class='ocr_par' dir='ltr' id='par_1_13' title="bbox 676 1519 1619 1903">
     <span class='ocr_line' id='line_1_24' title="bbox 676 1519 1614 1569; baseline 0.003 -12"><span class='ocrx_word' id='word_1_118' title='bbox 676 1519 766 1569; x_wconf 86' lang='lat' dir='ltr'><strong>Obs.</strong></span> <span class='ocrx_word' id='word_1_119' title='bbox 791 1520 913 1560; x_wconf 88' lang='lat' dir='ltr'><strong>Certe</strong></span> <span class='ocrx_word' id='word_1_120' title='bbox 941 1520 1136 1562; x_wconf 86' lang='lat' dir='ltr'><strong>farinosus</strong></span> <span class='ocrx_word' id='word_1_121' title='bbox 1168 1522 1286 1561; x_wconf 90' lang='lat' dir='ltr'><strong>Linn.</strong></span> <span class='ocrx_word' id='word_1_122' title='bbox 1320 1521 1374 1561; x_wconf 92' lang='lat' dir='ltr'><strong>est</strong></span> <span class='ocrx_word' id='word_1_123' title='bbox 1405 1521 1503 1561; x_wconf 86' lang='lat' dir='ltr'><strong>sear.</strong></span> <span class='ocrx_word' id='word_1_124' title='bbox 1541 1533 1614 1560; x_wconf 88' lang='lat' dir='ltr'><strong>ar—</strong></span> 
     </span>
     <span class='ocr_line' id='line_1_25' title="bbox 724 1576 1616 1627; baseline 0.002 -15"><span class='ocrx_word' id='word_1_125' title='bbox 724 1582 896 1626; x_wconf 88' lang='lat' dir='ltr'><strong>genteus</strong></span> <span class='ocrx_word' id='word_1_126' title='bbox 926 1577 1045 1627; x_wconf 82' lang='lat' dir='ltr'><strong>Scop.</strong></span> <span class='ocrx_word' id='word_1_127' title='bbox 1066 1578 1104 1615; x_wconf 69' lang='grc' dir='ltr'><strong>ὅτ</strong></span> <span class='ocrx_word' id='word_1_128' title='bbox 1124 1589 1208 1614; x_wconf 87' lang='lat' dir='ltr'><strong>non</strong></span> <span class='ocrx_word' id='word_1_129' title='bbox 1234 1576 1457 1614; x_wconf 82' lang='lat' dir='ltr'><strong>l&#39;e&#39;cailleux</strong></span> <span class='ocrx_word' id='word_1_130' title='bbox 1493 1576 1616 1615; x_wconf 77' lang='lat' dir='ltr'><strong>violet</strong></span> 
     </span>
     <span class='ocr_line' id='line_1_26' title="bbox 731 1626 1616 1680; baseline 0.005 -15"><span class='ocrx_word' id='word_1_131' title='bbox 731 1626 856 1680; x_wconf 81' lang='lat' dir='ltr'><strong>Geoffi</strong></span> <span class='ocrx_word' id='word_1_132' title='bbox 887 1630 932 1667; x_wconf 93' lang='lat' dir='ltr'><strong>In</strong></span> <span class='ocrx_word' id='word_1_133' title='bbox 959 1629 1100 1668; x_wconf 86' lang='lat' dir='ltr'><strong>ultimo</strong></span> <span class='ocrx_word' id='word_1_134' title='bbox 1127 1629 1235 1668; x_wconf 87' lang='lat' dir='ltr'><strong>tibiae</strong></span> <span class='ocrx_word' id='word_1_135' title='bbox 1261 1631 1403 1668; x_wconf 87' lang='lat' dir='ltr'><strong>anticae</strong></span> <span class='ocrx_word' id='word_1_136' title='bbox 1420 1658 1432 1675; x_wconf 93' lang='lat'>‚</span> <span class='ocrx_word' id='word_1_137' title='bbox 1460 1632 1616 1669; x_wconf 89' lang='lat' dir='ltr'><strong>triden-</strong></span> 
     </span>
     <span class='ocr_line' id='line_1_27' title="bbox 723 1683 1612 1735; baseline 0.006 -15"><span class='ocrx_word' id='word_1_138' title='bbox 723 1690 821 1721; x_wconf 85' lang='lat' dir='ltr'><strong>tatae</strong></span> <span class='ocrx_word' id='word_1_139' title='bbox 838 1711 850 1731; x_wconf 90' lang='lat'>,</span> <span class='ocrx_word' id='word_1_140' title='bbox 869 1683 911 1722; x_wconf 88' lang='lat' dir='ltr'><strong>in</strong></span> <span class='ocrx_word' id='word_1_141' title='bbox 928 1683 998 1723; x_wconf 90' lang='lat' dir='ltr'><strong>illo</strong></span> <span class='ocrx_word' id='word_1_142' title='bbox 1017 1684 1247 1724; x_wconf 87' lang='lat' dir='ltr'><strong>bidentatae.</strong></span> <span class='ocrx_word' id='word_1_143' title='bbox 1268 1683 1481 1724; x_wconf 85' lang='lat' dir='ltr'><strong>Abdomen</strong></span> <span class='ocrx_word' id='word_1_144' title='bbox 1502 1687 1612 1735; x_wconf 86' lang='lat' dir='ltr'><strong>scar.</strong></span> 
     </span>
     <span class='ocr_line' id='line_1_28' title="bbox 726 1738 1614 1793; baseline 0.005 -17"><span class='ocrx_word' id='word_1_145' title='bbox 726 1739 903 1788; x_wconf 82' lang='lat' dir='ltr'><strong>argentei</strong></span> <span class='ocrx_word' id='word_1_146' title='bbox 937 1738 1086 1779; x_wconf 86' lang='lat' dir='ltr'><strong>fuscum</strong></span> <span class='ocrx_word' id='word_1_147' title='bbox 1112 1747 1181 1779; x_wconf 81' lang='lat' dir='ltr'><strong>aut</strong></span> <span class='ocrx_word' id='word_1_148' title='bbox 1207 1740 1361 1793; x_wconf 86' lang='lat' dir='ltr'><strong>nigrum</strong></span> <span class='ocrx_word' id='word_1_149' title='bbox 1383 1768 1396 1785; x_wconf 96' lang='lat'>,</span> <span class='ocrx_word' id='word_1_150' title='bbox 1430 1739 1496 1779; x_wconf 91' lang='lat' dir='ltr'><strong>sed</strong></span> <span class='ocrx_word' id='word_1_151' title='bbox 1529 1753 1614 1781; x_wconf 86' lang='lat' dir='ltr'><strong>non</strong></span> 
     </span>
     <span class='ocr_line' id='line_1_29' title="bbox 727 1791 1612 1846; baseline 0.005 -15"><span class='ocrx_word' id='word_1_152' title='bbox 727 1791 842 1845; x_wconf 86' lang='lat' dir='ltr'><strong>supra</strong></span> <span class='ocrx_word' id='word_1_153' title='bbox 870 1793 1097 1844; x_wconf 85' lang='lat' dir='ltr'><strong>lutescens‚</strong></span> <span class='ocrx_word' id='word_1_154' title='bbox 1132 1803 1177 1834; x_wconf 92' lang='lat' dir='ltr'><strong>ut</strong></span> <span class='ocrx_word' id='word_1_155' title='bbox 1206 1795 1247 1834; x_wconf 90' lang='lat' dir='ltr'><strong>in</strong></span> <span class='ocrx_word' id='word_1_156' title='bbox 1278 1793 1484 1846; x_wconf 83' lang='lat' dir='ltr'><strong>squamoso</strong></span> <span class='ocrx_word' id='word_1_157' title='bbox 1514 1796 1612 1835; x_wconf 77' lang='lat' dir='ltr'><strong>vio-</strong></span> 
     </span>
     <span class='ocr_line' id='line_1_30' title="bbox 727 1846 1619 1903; baseline 0.003 -16"><span class='ocrx_word' id='word_1_158' title='bbox 727 1846 873 1899; x_wconf 86' lang='lat' dir='ltr'><strong>laceo;</strong></span> <span class='ocrx_word' id='word_1_159' title='bbox 901 1851 994 1889; x_wconf 89' lang='lat' dir='ltr'><strong>inde</strong></span> <span class='ocrx_word' id='word_1_160' title='bbox 1022 1852 1109 1890; x_wconf 84' lang='lat' dir='ltr'><strong>duae</strong></span> <span class='ocrx_word' id='word_1_161' title='bbox 1137 1849 1300 1903; x_wconf 80' lang='lat' dir='ltr'><strong>species,</strong></span> <span class='ocrx_word' id='word_1_162' title='bbox 1325 1851 1377 1891; x_wconf 80' lang='lat' dir='ltr'><strong>V.</strong></span> <span class='ocrx_word' id='word_1_163' title='bbox 1612 1874 1619 1880; x_wconf 34' lang='grc' dir='ltr'>κ</span> 
     </span>
    </p>

    <p class='ocr_par' dir='ltr' id='par_1_14' title="bbox 346 1903 1614 2065">
     <span class='ocr_line' id='line_1_31' title="bbox 346 1903 1613 1959; baseline 0 -13"><span class='ocrx_word' id='word_1_164' title='bbox 346 1903 592 1959; x_wconf 85' lang='lat' dir='ltr'><strong>Squamosus.</strong></span> <span class='ocrx_word' id='word_1_165' title='bbox 609 1911 679 1959; x_wconf 89' lang='lat'><strong>47.</strong></span> <span class='ocrx_word' id='word_1_166' title='bbox 707 1903 770 1945; x_wconf 86' lang='lat' dir='ltr'><strong>Sc.</strong></span> <span class='ocrx_word' id='word_1_167' title='bbox 794 1903 894 1944; x_wconf 86' lang='lat' dir='ltr'><strong>scut.</strong></span> <span class='ocrx_word' id='word_1_168' title='bbox 936 1903 1192 1956; x_wconf 83' lang='lat' dir='ltr'><strong>(l’e&#39;cailleux</strong></span> <span class='ocrx_word' id='word_1_169' title='bbox 1218 1905 1378 1955; x_wconf 74' lang='lat' dir='ltr'><strong>violet)</strong></span> <span class='ocrx_word' id='word_1_170' title='bbox 1407 1904 1613 1946; x_wconf 86' lang='lat' dir='ltr'><strong>violaceus</strong></span> 
     </span>
     <span class='ocr_line' id='line_1_32' title="bbox 725 1958 1614 2014; baseline 0.002 -15"><span class='ocrx_word' id='word_1_171' title='bbox 725 1958 931 2012; x_wconf 84' lang='lat' dir='ltr'>squammis</span> <span class='ocrx_word' id='word_1_172' title='bbox 964 1959 1098 2000; x_wconf 89' lang='lat' dir='ltr'><strong>subtus</strong></span> <span class='ocrx_word' id='word_1_173' title='bbox 1124 1961 1326 2014; x_wconf 82' lang='lat' dir='ltr'><strong>argenteis</strong></span> <span class='ocrx_word' id='word_1_174' title='bbox 1343 1990 1355 2009; x_wconf 88' lang='lat'>,</span> <span class='ocrx_word' id='word_1_175' title='bbox 1382 1960 1496 2013; x_wconf 90' lang='lat' dir='ltr'><strong>supra</strong></span> <span class='ocrx_word' id='word_1_176' title='bbox 1521 1962 1614 2001; x_wconf 90' lang='lat' dir='ltr'><strong>vio-</strong></span> 
     </span>
     <span class='ocr_line' id='line_1_33' title="bbox 726 2014 1528 2065; baseline 0.004 -11"><span class='ocrx_word' id='word_1_177' title='bbox 726 2014 849 2056; x_wconf 86' lang='lat' dir='ltr'><strong>laceis</strong></span> <span class='ocrx_word' id='word_1_178' title='bbox 866 2046 878 2065; x_wconf 93' lang='lat'>,</span> <span class='ocrx_word' id='word_1_179' title='bbox 907 2017 1014 2056; x_wconf 84' lang='lat' dir='ltr'><strong>tibiis</strong></span> <span class='ocrx_word' id='word_1_180' title='bbox 1040 2016 1181 2055; x_wconf 86' lang='lat' dir='ltr'><strong>anticis</strong></span> <span class='ocrx_word' id='word_1_181' title='bbox 1207 2017 1448 2058; x_wconf 84' lang='lat' dir='ltr'><strong>tridentatis.</strong></span> <span class='ocrx_word' id='word_1_182' title='bbox 1475 2017 1528 2057; x_wconf 90' lang='lat' dir='ltr'><strong>V.</strong></span> 
     </span>
    </p>

    <p class='ocr_par' dir='ltr' id='par_1_15' title="bbox 676 2070 895 2126">
     <span class='ocr_line' id='line_1_34' title="bbox 676 2070 895 2126; baseline 0.005 -16"><span class='ocrx_word' id='word_1_183' title='bbox 676 2070 798 2124; x_wconf 81' lang='lat' dir='ltr'><strong>Geoffi</strong></span> <span class='ocrx_word' id='word_1_184' title='bbox 831 2082 895 2126; x_wconf 80' lang='lat'><strong>13.</strong></span> 
     </span>
    </p>

    <p class='ocr_par' dir='ltr' id='par_1_16' title="bbox 672 2127 1021 2168">
     <span class='ocr_line' id='line_1_35' title="bbox 672 2127 1021 2168; baseline 0.003 -2"><span class='ocrx_word' id='word_1_185' title='bbox 672 2127 771 2167; x_wconf 73' lang='lat' dir='ltr'><em>Hal).</em></span> <span class='ocrx_word' id='word_1_186' title='bbox 808 2128 847 2166; x_wconf 84' lang='lat' dir='ltr'><strong>in</strong></span> <span class='ocrx_word' id='word_1_187' title='bbox 879 2127 1021 2168; x_wconf 85' lang='lat' dir='ltr'><strong>Gallia.</strong></span> 
     </span>
    </p>

    <p class='ocr_par' dir='ltr' id='par_1_17' title="bbox 671 2181 1607 2335">
     <span class='ocr_line' id='line_1_36' title="bbox 671 2181 1607 2237; baseline 0.001 -15"><span class='ocrx_word' id='word_1_188' title='bbox 671 2182 786 2233; x_wconf 80' lang='lat' dir='ltr'><strong>Dese.</strong></span> <span class='ocrx_word' id='word_1_189' title='bbox 816 2184 973 2223; x_wconf 84' lang='lat' dir='ltr'><strong>Statura</strong></span> <span class='ocrx_word' id='word_1_190' title='bbox 998 2183 1260 2237; x_wconf 76' lang='lat' dir='ltr'><strong>praecedentis</strong></span> <span class='ocrx_word' id='word_1_191' title='bbox 1278 2212 1290 2231; x_wconf 88' lang='lat'>,</span> <span class='ocrx_word' id='word_1_192' title='bbox 1312 2182 1377 2222; x_wconf 84' lang='lat' dir='ltr'><strong>sed</strong></span> <span class='ocrx_word' id='word_1_193' title='bbox 1399 2181 1607 2223; x_wconf 87' lang='lat' dir='ltr'><strong>abdomine</strong></span> 
     </span>
     <span class='ocr_line' id='line_1_37' title="bbox 729 2238 1607 2290; baseline 0.001 -13"><span class='ocrx_word' id='word_1_194' title='bbox 729 2239 841 2290; x_wconf 85' lang='lat' dir='ltr'><strong>supra</strong></span> <span class='ocrx_word' id='word_1_195' title='bbox 875 2239 1096 2280; x_wconf 84' lang='lat' dir='ltr'><strong>lutescente</strong></span> <span class='ocrx_word' id='word_1_196' title='bbox 1118 2269 1130 2288; x_wconf 85' lang='lat'><strong>‚</strong></span> <span class='ocrx_word' id='word_1_197' title='bbox 1162 2240 1201 2279; x_wconf 65' lang='grc' dir='ltr'>δί</span> <span class='ocrx_word' id='word_1_198' title='bbox 1223 2238 1329 2278; x_wconf 88' lang='lat' dir='ltr'><strong>tibiis</strong></span> <span class='ocrx_word' id='word_1_199' title='bbox 1357 2238 1497 2278; x_wconf 83' lang='lat' dir='ltr'><strong>anticis</strong></span> <span class='ocrx_word' id='word_1_200' title='bbox 1530 2240 1607 2278; x_wconf 85' lang='lat' dir='ltr'><strong>tri-</strong></span> 
     </span>
     <span class='ocr_line' id='line_1_38' title="bbox 727 2296 915 2335; baseline 0.011 -2"><span class='ocrx_word' id='word_1_201' title='bbox 727 2296 915 2335; x_wconf 77' lang='lat' dir='ltr'><strong>dentatis.</strong></span> 
     </span>
    </p>

    <p class='ocr_par' dir='ltr' id='par_1_18' title="bbox 673 2348 1604 2450">
     <span class='ocr_line' id='line_1_39' title="bbox 673 2348 1604 2403; baseline 0 -14"><span class='ocrx_word' id='word_1_202' title='bbox 673 2349 763 2399; x_wconf 71' lang='lat' dir='ltr'><strong>obs:</strong></span> <span class='ocrx_word' id='word_1_203' title='bbox 782 2362 816 2389; x_wconf 88' lang='lat'><strong>1.</strong></span> <span class='ocrx_word' id='word_1_204' title='bbox 838 2351 954 2403; x_wconf 79' lang='lat' dir='ltr'><strong>Aqua</strong></span> <span class='ocrx_word' id='word_1_205' title='bbox 972 2350 1094 2390; x_wconf 82' lang='lat' dir='ltr'><strong>calida</strong></span> <span class='ocrx_word' id='word_1_206' title='bbox 1116 2348 1264 2388; x_wconf 79' lang='lat' dir='ltr'><strong>imbuta</strong></span> <span class='ocrx_word' id='word_1_207' title='bbox 1280 2348 1395 2389; x_wconf 90' lang='lat' dir='ltr'><strong>color</strong></span> <span class='ocrx_word' id='word_1_208' title='bbox 1410 2349 1604 2389; x_wconf 80' lang='lat' dir='ltr'><strong>coeruleus</strong></span> 
     </span>
     <span class='ocr_line' id='line_1_40' title="bbox 726 2405 1509 2450; baseline 0.003 -5"><span class='ocrx_word' id='word_1_209' title='bbox 726 2406 768 2449; x_wconf 83' lang='lat' dir='ltr'><strong>in</strong></span> <span class='ocrx_word' id='word_1_210' title='bbox 791 2407 1072 2450; x_wconf 74' lang='lat' dir='ltr'><strong>vivacissimum</strong></span> <span class='ocrx_word' id='word_1_211' title='bbox 1089 2405 1258 2448; x_wconf 80' lang='lat' dir='ltr'><strong>viridem</strong></span> <span class='ocrx_word' id='word_1_212' title='bbox 1288 2405 1436 2446; x_wconf 78' lang='lat' dir='ltr'><strong>transit.</strong></span> <span class='ocrx_word' id='word_1_213' title='bbox 1463 2408 1509 2448; x_wconf 92' lang='lat' dir='ltr'><strong>F.</strong></span> 
     </span>
    </p>
   </div>
  </div>
 </body>
</html>
