1687 2799
375 187 1241 262 PRAELOQUIUM.
1368 187 1432 250 'xi

165 280 476 346 thoraceque
510 277 652 332 fimul
683 277 859 332 sumtis
880 315 891 336 ‚
937 273 1294 332 brevioribus,
1334 272 1437 330 &a

170 359 343 419 nostra
397 361 572 427 opinio
629 359 710 413 D.
762 357 822 411 de
882 358 1016 413 Geer
1076 355 1439 423 Entornologia

170 446 478 509 roboratum
514 443 578 497 ab
620 440 851 497 antennis
873 440 1007 495 enirn
1031 457 1245 507 quatuor
1266 438 1441 495 Cimi-

171 549 292 585 cum
319 527 564 592 familias,
601 526 826 594 quintam
848 531 895 580 &
916 528 1102 580 sextam
1143 547 1171 580 a
1210 523 1445 590 corporis

171 614 339 668 forma
392 613 615 673 notavit,
659 612 980 675 Nostuaeque
1026 609 1268 676 Elingues
1311 608 1445 677 Syst.

175 697 317 751 Phal.
370 694 452 750 D.
507 691 566 747 de
631 691 766 746 Geer
823 689 1056 746 antennis
1119 691 1446 747 filiformibus

124 812 128 814 -
180 777 488 845 praecedunt.

240 860 536 916 Muscarum
602 878 760 927 genus
812 855 1263 913 numerofiffimum
1319 856 1448 913 varii

176 944 509 1012 Entomologi
550 944 601 1000 in
648 943 863 1012 plurima
903 944 995 999 alia
1039 942 1235 998 diverse
1275 941 1445 1010 partiti

177 1028 418 1093 fuerunt,
456 1027 542 1083 sed
594 1027 710 1082 licet
749 1024 1071 1092 Stratyomis
1118 1040 1241 1080 nota
1290 1023 1450 1091 speci-

179 1110 278 1165 fica
311 1131 340 1165 a
367 1110 588 1166 thoracis
609 1112 758 1179 spinis
777 1115 958 1173 sumta,
991 1111 1207 1179 optima,
1245 1110 1453 1165 Muscas

179 1206 352 1246 tamen
372 1188 576 1244 Filatas
609 1192 660 1248 in
693 1194 816 1255 duas
841 1193 1055 1250 familias
1079 1192 1454 1259 distribuendO,

182 1272 236 1327 F
239 1272 397 1327 ilatas
410 1276 620 1332 thorace
640 1275 850 1341 inermi,
881 1278 978 1334 δίς.
1017 1277 1223 1331 Filacas
1241 1279 1453 1333 thorace

183 1376 411 1424 armam,
444 1359 547 1415 &a
584 1381 741 1427 genus
776 1383 968 1416 novum
990 1364 1295 1428 superfluum
1317 1363 1455 1419 esset.

185 1440 475 1496 Naturales
503 1443 705 1509 existere
730 1445 1022 1512 insieffz‘orum
1047 1444 1219 1513 claffes
1236 1445 1457 1507 fitadent

187 1526 352 1585 ratio,
388 1522 607 1584 detec‘ia,
647 1521 954 1590 observata,
990 1542 1046 1577 at
1073 1526 1298 1580 nondum
1336 1542 1458 1581 tem-

177 1627 280 1673 pus
331 1625 417 1658 eas
467 1602 726 1659 elaborare
745 1650 760 1673 ‚
811 1628 922 1661 cum
978 1624 1181 1675 tyrones
1222 1613 1461 1679 scientiae

187 1689 355 1744 adlzuc
390 1688 564 1757 fimus·
617 1689 816 1747 Claffes
866 1692 1018 1761 igitur
1068 1692 1198 1763 Syst-
1245 1715 1460 1762 quarum

190 1773 398 1831 nomina
431 1773 628 1837 optima
661 1773 1017 1829 conservandae
1047 1775 1312 1843 usquedum
1348 1775 1460 1843 plu-

192 1856 340 1909 rimis
395 1851 651 1908 laboribus
697 1854 1024 1925 plurimisque
1073 1861 1295 1913 inventis
1345 1879 1463 1927 gra-

193 1938 359 1992 datim
382 1938 455 1992 ad
483 1937 743 1994 naturales
772 1940 1090 1998 accedamus.
1125 1941 1464 1996 Linnaeanam

194 2024 612 2092 Entomologiam
668 2026 1042 2082 recentioribus
1094 2025 1464 2093 Systematibus

192 2110 304 2173 iure
327 2127 385 2163 ac
408 2108 593 2164 merito
627 2109 854 2176 praetuli3
889 2131 1006 2165 nam
1027 2110 1267 2176 quamdiu
1289 2110 1336 2166 S
1334 2111 1466 2179 yste-

196 2192 379 2245 maciei
428 2190 654 2259 quotidie
693 2214 854 2248 novos
890 2214 1119 2261 generum
1156 2194 1465 2250 charac‘ieres

198 2279 451 2344 novosque
500 2292 769 2343 conceptus
817 2278 1152 2331 introducunt
1179 2314 1200 2340 ‚
1265 2278 1463 2332 tamdiu

199 2375 450 2423 nunquam
473 2377 650 2424 genera
666 2354 1029 2425 stabiliuntur,
1064 2359 1203 2414 nulla
1224 2365 1463 2431 scientiae

197 2439 265 2501 ‹st
308 2440 558 2495 certitudo
588 2442 634 2502 ἃ
669 2440 808 2498 brevi
839 2459 1059 2510 tempore
1090 2443 1164 2500 ad
1193 2447 1462 2514 pristinam
