1687 2799
355 220 396 276 P
432 217 479 275 R
516 215 588 275 AE
621 216 671 272 L
709 214 766 272 O
801 211 860 286 Q
895 211 955 268 U
988 212 1015 266 I
1049 210 1108 266 U
1143 207 1224 265 M.
1369 207 1421 261 ix

161 304 285 360 lulas
342 322 459 357 cum
523 298 646 365 Iulis
669 340 683 363 ‚
743 293 1108 362 Scolopendris
1130 336 1144 359 ,
1199 288 1380 347 Acaris
1407 333 1425 357 ‚

152 385 413 451 Araneis;
465 401 647 440 caetera
690 383 1079 446 Hymenoptera
1126 375 1423 440 Neuropte-

152 489 307 535 taque
356 486 473 522 cum
523 459 854 520 Monoculis,
913 456 1152 520 Oniscis,
1210 453 1426 511 Poduris

155 548 440 604 indistinste
496 543 766 602 ordinavit·
823 544 883 597 In
948 539 1070 595 novi
1123 536 1424 605 systematis

155 632 383 690 bonum,
429 629 480 683 ni
518 629 703 690 fallor,
744 624 950 679 minime
992 621 1127 677 cedit
1165 620 1426 689 singularis

124 771 126 773 ,
154 714 264 768 haec
306 708 616 778 aggregatio,

222 791 502 869 lmmortali
536 790 750 853 Linzzaeo
768 789 991 855 objectat
1025 789 1181 847 claris·
1211 787 1423 846 Palu-ic.

152 878 291 945 quod
357 873 682 931 characteres
761 886 1007 942 generum
1083 877 1418 943 undequaque

155 960 436 1028 collegerit.
490 961 763 1030 Perspexit
811 955 1024 1025 perbene
1064 963 1294 1027 fizmmus
1345 961 1432 1014 νίι·

102 1053 105 1055 ’
155 1043 288 1097 hunc
339 1043 635 1111 systematis
690 1044 931 1109 defhfium
980 1043 1191 1112 ideoque
1259 1043 1427 1097 rarius

153 1145 289 1205 nova
318 1146 493 1193 genera
529 1126 761 1181 condidit
783 1127 826 1186 δ’
849 1127 1012 1194 magis
1051 1123 1254 1180 habitui
1281 1146 1427 1194 quam

157 1210 432 1264 chat-affieri
472 1209 702 1277 confidit.
738 1211 818 1268 *Si
857 1210 1181 1267 characteres
1230 1232 1259 1266 e
1308 1229 1429 1277 par«

158 1296 295 1350 tibus
313 1295 418 1351 oris
435 1316 652 1363 quorum
673 1295 980 1352 insectorum
996 1293 1142 1349 facile
1164 1309 1427 1354 eruuntur,

159 1376 269 1443 quis
341 1377 393 1433 in
455 1375 739 1435 minoribus
791 1380 845 1434 ἃ
900 1379 952 1433 in
1004 1376 1224 1432 minimis
1254 1419 1267 1441 ,
1324 1376 1428 1430 fine

160 1460 396 1528 improbo
421 1464 626 1526 labore,
649 1461 802 1515 etiam
831 1461 895 1514 ad
924 1462 1114 1514 lentem
1137 1480 1229 1514 eos
1253 1459 1432 1525 agnos-

159 1547 284 1597 cet?
320 1542 577 1612 Quaedam
628 1564 816 1609 genera
855 1542 1010 1597 Linn.
1058 1539 1432 1606 Entomologiae

158 1625 426 1691 aliquando
466 1626 690 1681 vacillari
731 1628 996 1682 fatendum
1033 1625 1134 1683 est3
1183 1625 1269 1678 sed
1309 1626 1432 1679 cha-

159 1706 328 1762 racter
391 1709 586 1776 semper
651 1711 783 1765 adeo
842 1709 1016 1764 brevis
1073 1708 1148 1764 est
1199 1709 1429 1773 adeoque

157 1789 305 1845 facile
366 1792 616 1848 memoria
654 1792 937 1848 custoditur
960 1831 974 1854 ‚
1023 1808 1079 1848 ut
1118 1792 1431 1849 Entomolo-

160 1872 293 1939 giam
321 1871 450 1941 Syst.
477 1877 626 1942 usque
652 1877 714 1931 ad
746 1878 847 1931 hoc
885 1892 1085 1943 tempus
1110 1917 1124 1939 ,
1161 1874 1429 1942 tyronibus

165 1953 275 2010 aliis
300 1957 536 2013 omnibus
569 1957 848 2013 faciliorem
881 1950 1163 2023 persuasum
1196 1957 1432 2011 habeam·

229 2037 436 2094 Genera
479 2041 707 2106 quaedam
765 2058 900 2094 nova
960 2038 1175 2093 feliciter
1237 2038 1430 2094 addidit

160 2117 244 2173 D.
274 2114 401 2170 Fab.
452 2121 678 2185 quaedam
725 2135 894 2174 autem
945 2118 1040 2175 alia
1084 2120 1250 2176 minus
1290 2120 1429 2176 utilia

161 2199 329 2257 forsan
352 2201 714 2265 iudicabuntur.
736 2205 995 2258 Antennae
1027 2208 1266 2270 capitatae
1288 2205 1429 2270 capi-

161 2280 268 2335 tulo
296 2282 445 2351 fiffili
463 2319 486 2346 ,
521 2287 585 2339 ab
623 2285 729 2340 aliis
764 2285 1096 2354 Coleopteris
1130 2288 1431 2344 Scarabaeos

160 2366 463 2422 sufficienter
498 2383 737 2423 amovent
769 2389 780 2422 ε
827 2368 1004 2430 Trox,
1061 2370 1390 2427 Melolontha
1414 2411 1431 2436 ,

161 2442 432 2515 TrichiuS,
483 2447 711 2512 Cetonia
775 2450 856 2508 D.
903 2448 1032 2511 Fab.
1086 2453 1284 2523 Copris
1344 2451 1430 2509 D.
