1633 2815
221 100 486 150 tristem-A
515 95 936 138 cornorum.
967 96 1209 152 Cerambyx.
1264 106 1352 146 251.

462 207 585 256 letis,
622 206 770 263 elytris
789 205 1014 256 violaceis,
1044 206 1228 247 antennis
1252 205 1354 247 lon-

466 262 719 318 giuscuiis.*

412 315 555 361 Uddm.
586 319 669 369 diff:
699 329 764 373 33.
795 316 1010 370 cerambyx
1041 315 1182 370 elytris
1207 316 1355 370 nigro-

459 373 676 420 caeruleis,
708 375 824 427 apice
850 372 1071 414 abdominis
1101 371 1349 426 ferrugineo..

406 427 501 470 Fab.
530 429 730 469 callidium
759 441 797 470 2.

407 485 552 525 Enum.
584 482 680 525 282.

409 539 536 591 Geoffl
566 538 663 593 lept.
693 541 778 591 teste
802 540 898 582 Fab.

405 594 508 635 Hah.
544 595 584 634 in
609 598 787 649 Europa.
819 599 864 636 In
897 594 1039 636 Gallia.

407 648 525 700 Desc-
553 649 717 690 Thorax
744 651 887 704 niger,
917 649 1268 702 depreffiusculus‚
1295 649 1357 691 124

465 705 616 746 teribus
651 717 731 745 una
765 718 855 745 cum
887 706 1049 757 pectore
1090 680 1353 746 rufus.21b..

463 761 600 799 domen
631 760 788 813 nigrum
809 760 921 813 apice
951 758 1197 814 ferrugineo.
1227 760 1353 799 Pedes

465 814 579 855 rufi.
611 814 828 857 femoribus
853 815 993 868 nigris.
1020 814 1146 854 Faun.
1173 813 1267 866 674.

417 870 507 921 Obs
524 872 618 911 Cer.
635 869 818 911 fennicus
836 883 924 910 cum
942 883 1024 910 cer.
1039 869 1221 910 variabili
1237 868 1356 910 facile

465 925 741 968 confunditur.
761 924 801 965 T
798 926 926 967 lzorax
949 925 1064 980 niger
1091 926 1132 965 in
1156 938 1237 965 cer.
1266 922 1357 965 fen-

463 983 559 1022 nico
582 981 693 1035 juxta
711 980 799 1021 Lin.
819 982 883 1022 cui
909 979 1056 1020 thorax
1082 980 1134 1021 est
1164 979 1358 1020 testaceus

463 1038 505 1076 in
537 1052 665 1076 enum.
698 1049 772 1090 pro
802 1036 958 1089 leptura
986 1034 1196 1076 femorata.
1229 1034 1356 1088 Geoffi

465 1093 642 1133 Sumitur
680 1092 721 1132 in
749 1091 953 1145 speciebus
987 1091 1223 1132 inseciorum
1257 1090 1362 1132 Fab

464 1149 621 1188 Contra
647 1147 688 1187 in
714 1147 1018 1188 enumeratione
1039 1150 1177 1190 eadem
1199 1147 1358 1199 leptura

464 1205 517 1244 ad
546 1217 628 1244 cer.
655 1202 889 1244 variabilem
927 1202 1016 1243 Lin.
1058 1202 1246 1243 refertur.
1287 1203 1359 1242 in-

466 1267 591 1300 certae
609 1260 731 1312 igitur
748 1257 837 1298 sunt
862 1267 972 1298 notae
994 1259 1043 1297 ad
1062 1257 1358 1311 agnoscendum

470 1327 553 1354 cer
595 1313 811 1355 fennicum.
854 1312 942 1353 Lin.
973 1312 1105 1353 Nobis
1157 1313 1234 1352 erit
1275 1326 1360 1352 cer.

470 1367 684 1417 fennicm,
722 1367 789 1408 ille
826 1367 938 1420 cujus
981 1367 1128 1406 thorax
1164 1366 1361 1406 testaceus

468 1421 526 1464 est
557 1422 622 1463 vel
653 1421 994 1476 nigro-testaceus
1024 1435 1113 1462 cum
1139 1420 1357 1465 tuberculis

469 1475 993 1531 snbferrugineo-obsoletis
1027 1477 1066 1518 ὃς
1106 1475 1217 1528 cujus
1253 1488 1356 1528 apex

474 1532 694 1572 abdominis
725 1561 738 1580 ,
793 1533 915 1585 pedes
957 1533 995 1572 &
1036 1541 1222 1571 antennae
1266 1531 1357 1570 sunt

472 1587 647 1640 ejusdem
681 1586 830 1626 coloris
870 1586 1030 1626 testacei
1073 1585 1217 1637 absque
1252 1586 1362 1640 nigri

470 1642 656 1689 mixtura.
701 1640 875 1682 Faemina
934 1650 1022 1681 tota
1069 1640 1239 1685 testacea
1289 1641 1359 1681 sed

468 1695 604 1736 subtus
660 1697 774 1750 nigra
825 1710 914 1737 cum
967 1696 1079 1749 apice
1133 1696 1363 1736 abdominis

468 1752 657 1793 testaceo.
693 1755 737 1791 In
768 1761 942 1809 utroque
971 1751 1066 1791 sexu
1095 1761 1361 1792 antennarum

470 1807 628 1851 articuli
669 1804 845 1860 apicibus
879 1807 998 1861 nigri.
1026 1808 1118 1846 Cer.
1154 1805 1365 1846 variabilis-

473 1861 574 1902 aiter
602 1862 716 1901 sexus
746 1860 831 1902 fere
871 1871 983 1901 totus
1026 1861 1172 1901 lividus
1201 1862 1239 1902 ὅ(
1267 1874 1359 1923 pars

472 1917 692 1957 abdominis
738 1917 908 1958 testacea
957 1916 1022 1957 vel
1068 1917 1190 1956 livida
1230 1917 1358 1969 major

471 1983 585 2023 quam
600 1973 639 2011 in
669 1971 824 2012 faemina
842 1985 923 2012 cer.
949 1970 1113 2012 fennici.
1134 1973 1229 2011 Inde
1244 1980 1358 2025 patet

469 2038 552 2067 cer.
588 2025 783 2066 fennitum
824 2027 1073 2079 incognitum
1119 2025 1241 2078 Geoffi
1290 2026 1358 2080 qui

471 2080 668 2135 descripsit
685 2081 898 2122 foeminam.
916 2095 998 2122 cer.
1016 2082 1232 2123 variabilis.
1245 2085 1301 2123 V.

85 2186 274 2233 Liciatus.
300 2201 369 2246 77.
405 2191 454 2232 C.
498 2191 580 2243 (le
621 2191 757 2242 tiffu)
802 2191 969 2232 thorace
1018 2193 1169 2232 mutico
1209 2191 1355 2234 subro-

471 2248 598 2287 tundo
629 2248 743 2302 niger
773 2247 1233 2296 cinereo-nebulosus,
1275 2261 1355 2295 an·-

474 2303 605 2342 tennis
635 2302 837 2342 brevibus.

416 2354 519 2404 Hah.
544 2357 583 2398 in
611 2360 782 2417 Europa.
813 2360 858 2398 In
883 2358 1040 2404 Suecia.
1071 2357 1111 2398 T
1107 2358 1295 2413 lmnbergg..¹
