1633 2815
248 130 509 172 {usnemu
538 121 959 167 Cotton-mm
989 125 1202 181 Buprestis..
1271 134 1353 182 329

409 233 534 287 Geoffl
562 235 686 286 paris:
725 234 1010 287 125.‘cucujus
1041 243 1079 274 1.

405 291 472 332 De
512 288 611 330 Geer
631 320 644 339 ,
674 302 770 331 tom.
798 300 842 342 4.
870 305 915 341 p.
944 300 1037 344 130.

405 343 561 399 Sclzaeffi
588 345 701 386 elem.
732 357 764 387 t.
796 355 862 400 31.
888 346 929 399 f.
965 355 1002 385 1.
1036 355 1077 386 2.

408 401 503 441 Fab.
538 399 606 440 26.

411 455 515 496 Hah.
549 455 589 495 in
618 458 790 509 Europa.
819 457 863 496 In
890 454 1033 496 Gallia.

407 510 525 560 Dese.
565 508 719 561 Caput,
768 519 814 550 ut
855 511 896 550 in
932 511 1132 563 reliquis,
1184 512 1358 557 maxima?

459 579 512 606 ex
550 574 664 618 parte
709 567 813 606 intra
866 565 1074 609 thoracem
1113 579 1348 620 receptum,

459 619 557 660 hinc
586 621 627 660 in
655 620 763 660 hisce
808 629 949 659 torvus
982 619 1196 673 adspeftus.
1237 622 1351 666 Ocultv
1430 637 1435 641 ·

456 687 566 728 pone
592 674 851 714 virescentes.
873 672 913 713 T
911 675 1037 713 lzorax
1054 675 1350 719 rubro-aeneus.

456 729 608 781 Elytra
636 727 880 768 fusco—aenea
897 758 909 777 ,
935 728 1082 782 singula
1111 729 1225 770 sulcis
1252 746 1352 784 qu&

458 791 555 823 tuor
605 791 673 822 aut
716 784 890 836 quinque
942 793 1104 823 exarata
1142 799 1154 833 τ,
1196 788 1349 837 punffis

460 846 635 890 quatu¹¹r
666 840 683 889 (
709 838 750 877 in
782 837 938 891 fingulis
972 837 1112 891 elytris
1137 838 1236 880 binis
1260 842 1277 890 )
1305 842 1348 882 in

460 892 630 946 figuram
659 894 886 945 quadratam
920 893 1054 946 positis
1073 923 1086 943 ,
1121 894 1306 947 impresfis
1333 925 1348 944 ‚

458 948 675 989 deauratis,
719 948 920 987 Antennae
957 948 1151 998 setaceae,
1189 949 1348 990 brevis-

456 1002 574 1045 fimae.
601 1002 807 1044 Abdomen
832 1003 949 1045 dorso
972 1003 1198 1046 caeruleum.
1221 1005 1346 1046 Fazm²

455 1067 553 1113 755·

97 1168 274 1217 Rustica.
301 1180 343 1226 4.
373 1172 421 1215 B.
454 1174 473 1225 (
497 1170 646 1213 l’azur&
671 1171 688 1222 )
733 1170 874 1226 elytris
911 1169 1054 1212 striatis
1094 1169 1299 1226 fastigiatis
1329 1201 1345 1223 ‚

452 1228 622 1269 thorace
655 1228 859 1280 punaato.
894 1229 914 1248 '³

400 1284 528 1325 Faun.
559 1285 665 1334 fizec.
703 1293 740 1323 1.
777 1298 816 1322 n.
849 1290 939 1332 555.
975 1280 1163 1335 buprestis
1199 1282 1343 1323 viridi-

453 1350 565 1378 aenea
594 1336 858 1377 immaculata.
1257 1337 1259 1340 ’

400 1392 526 1445 Geoffl
553 1391 677 1442 paris.
713 1401 805 1442 127.
833 1390 996 1442 cucujus
1023 1401 1063 1444 3.

397 1448 514 1499 Scop.
549 1460 660 1485 carn.
696 1443 787 1486 188.
820 1445 1012 1486 mordella
1037 1444 1192 1488 rustica.

399 1502 497 1544 Fab.
527 1512 595 1553 40.
943 1517 949 1520 ·

397 1557 463 1597 De
485 1556 607 1606 Geer,
631 1567 727 1596 tom,
748 1566 789 1608 4.
812 1572 855 1607 p.
877 1566 967 1609 130.
997 1566 1029 1597 t.
1047 1566 1087 1609 4.
1112 1556 1154 1610 f.
1175 1565 1340 1610 10.-17.

399 1611 555 1665 Sclzaeffi
585 1613 685 1651 icon.
715 1622 747 1651 t.
774 1612 871 1664 2.f.
897 1623 934 1651 Ι.

395 1668 542 1707 Enum.
572 1665 664 1719 363.

396 1721 519 1763 Mall.
550 1721 639 1761 Lin.
669 1719 771 1761 Nat.
803 1721 852 1761 cl.
886 1732 932 1762 V.
951 1738 992 1773 p.
1024 1731 1117 1775 337.

396 1776 499 1818 Hah.
535 1777 575 1815 in
607 1779 779 1828 Europa.
812 1779 854 1816 In
883 1777 1027 1817 Gallia.

395 1831 511 1882 Desb.
525 1832 687 1886 Longit.
699 1831 811 1884 digiti
826 1831 1045 1872 transversi.
1060 1830 1221 1872 Thorax
1232 1834 1337 1874 viri-

454 1888 647 1927 di-aeneus
657 1887 810 1938 punffis
824 1888 1026 1927 excavatis
1038 1917 1050 1937 ,
1066 1887 1208 1928 crassus
1224 1919 1235 1938 ‚
1258 1890 1341 1931 imo

452 1942 620 1982 craffitie
645 1941 966 1994 coleopterorum
983 1972 995 1991 ‚
1023 1953 1142 1995 caput
1169 1945 1338 1986 maxima

448 2009 502 2036 ex
517 2005 628 2048 parte
645 1997 749 2035 intra
765 1995 802 2036 se
815 1997 1025 2049 recipiens.
1043 1998 1076 2035 E
1079 1999 1185 2050 lytra
1201 2013 1309 2039 aenea
1323 2029 1337 2050 ,

449 2052 578 2090 minus
596 2050 737 2090 viridia
752 2080 765 2099 ‚
789 2051 1035 2092 immaculata
1047 2082 1060 2102 ‚
1076 2053 1224 2106 singula
1241 2055 1334 2095 οὲἲο

451 2105 612 2145 circiter
639 2104 736 2144 striis
752 2115 926 2146 exarata.
949 2106 1074 2147 Faun.
1097 2107 1193 2161 756.

398 2159 490 2210 Obs.
520 2163 617 2199 Non
645 2158 761 2199 facile
790 2161 1087 2213 determinanda
1127 2163 1213 2204 haec
1247 2163 1337 2216 spe-

451 2215 533 2255 cies
560 2214 711 2253 Linnaei
724 2230 740 2266 ,·
768 2228 856 2255 nam
882 2217 1010 2256 variat
1033 2217 1149 2257 color
1175 2218 1333 2272 elytro-

450 2282 553 2310 mm.
596 2271 641 2309 In
683 2270 862 2310 omnibus
907 2284 928 2311 a
973 2285 1034 2312 me
1084 2272 1174 2312 visis
1220 2273 1336 2314 color

448 2324 668 2365 abdominis
706 2325 820 2378 supra
855 2326 1092 2373 violaceus,
1130 2325 1231 2366 infra
1266 2328 1330 2367 vi·-

449 2378 570 2430 scidis,
597 2379 663 2421 sed
687 2380 867 2424 incisurae
893 2382 1113 2424 abdominis
1142 2381 1328 2423 violaceo
