1687 2799
188 114 454 160 {nszc‘rn
482 111 900 158 nomentan.
931 108 1205 166 chrysomela.
1267 124 1348 164 129

464 230 650 262 antennae
679 249 692 268 ,
714 257 717 260 ,
738 219 932 262 abdomen
956 251 969 272 ‚
1009 221 1141 274 pestus
1180 221 1313 261 subtus
1333 250 1348 271 ‚

466 278 588 330 pedes
603 303 614 321 ‚
641 283 682 314 at
707 275 851 316 thorax
879 276 998 316 ruber
1016 275 1068 315 est
1088 290 1176 316 cum
1196 275 1350 317 duobus

451 331 620 385 .punffls
665 328 780 370 fuscis
821 331 932 383 juxta
975 331 1106 384 elytra
1141 333 1178 372 ὅ(
1221 331 1352 386 elytra

460 386 540 440 ipsa
572 385 703 425 rubra.
730 389 774 425 In
799 386 950 439 fingulo
973 385 1108 440 elytro
1137 397 1159 439 9
1187 388 1348 428 ordines

457 441 690 494 punctorum
715 441 1051 481 minutiffimorum
1068 442 1216 493 vixque
1233 442 1352 482 ‘cons-

464 498 685 548 picuorum.
718 498 846 536 Larva
885 498 995 550 nigra
1024 495 1077 536 est
1101 525 1115 543 ,
1157 497 1195 537 &
1231 496 1352 538 valde

463 550 619 604 rugosa.
648 551 781 601 Pappa
814 564 914 591 vero
942 551 1059 590 flava.
1096 552 1223 590 saun.
1258 560 1349 604 524.

405 605 498 656 Obs.
527 606 665 646 variat
691 615 801 645 certe
831 605 916 644 haec
944 605 1074 658 chrys.
1105 616 1195 646 nam
1226 606 1348 648 Linn.

461 673 544 700 non
573 660 808 699 memoravit
827 659 998 698 suturam
1026 661 1200 713 nigram:
1226 662 1282 701 D.
1301 662 1348 701 de

463 714 565 753 Geer
594 713 656 753 ch.
689 713 873 753 haemorr.
903 715 941 754 &
966 714 1102 754 vimin.
1130 729 1202 767 pro
1229 717 1351 769 syno-

457 769 588 822 nymis
614 767 763 808 habuit.
799 771 851 816 V.

78 890 144 923 ιο.
161 877 364 922 Ριιιιὲἱειῑει.
382 889 450 935 27.
465 881 513 920 C.
555 880 620 931 (a
647 880 714 920 dix
751 879 886 935 points
911 879 929 930 )
976 886 1098 920 ovata
1122 911 1134 930 ,
1181 878 1350 923 thorace

461 934 585 975 rubro
629 935 775 988 postice
821 936 976 988 nigro,
1029 936 1170 989 elytris
1215 936 1347 977 rufis:

462 991 613 1043 punffis
642 990 841 1044 subquinis
869 991 1006 1044 nigris.
1037 992 1056 1010 '⁸

405 1045 531 1086 Faun.
557 1046 662 1096 ficec.
693 1057 731 1085 1.
761 1063 799 1087 n.
826 1045 922 1100 436.
957 1046 1204 1098 chrysomela
1235 1047 1350 1100 supra

458 1100 548 1141 rufa
569 1131 581 1150 ,
614 1101 791 1143 thoracis
830 1102 981 1154 punstis
1013 1102 1135 1155 nigris
1162 1103 1316 1143 duobus
1333 1132 1348 1154 ‚

462 1156 686 1210 elytrorum
715 1157 906 1210 pluribus.

405 1215 448 1260 β.
476 1212 737 1266 Chrysomela
754 1212 871 1253 rubra
891 1241 903 1258 ,
925 1211 1059 1267 elytro
1087 1212 1238 1267 fingulo
1265 1226 1349 1253 ma·-

461 1267 561 1308 culis
599 1269 770 1321 quinque
814 1267 952 1321 nigris.
997 1268 1121 1310 Faun.
1157 1269 1262 1319 fitec.
1308 1279 1346 1308 1.

463 1338 503 1362 n.
566 1332 581 1370 5
618 1353 626 1362 .

405 1333 554 1416 Enum?
585 1334 676 1429 ³38.

409 1430 505 1471 Fab.
539 1441 603 1484 33.
899 1480 903 1484 ⁴

408 1485 564 1538 Sclzaeffi
593 1487 756 1527 icon.·t.
786 1492 853 1525 21.
874 1487 914 1539 f.
940 1495 1002 1539 13.
1025 1511 1112 1527 ...-
1130 1488 1229 1527 icon.
1256 1494 1354 1543 194¹

408 1539 603 1634 Dchter
620 1624 633 1642 ,
663 1605 704 1647 4.

411 1646 536 1700 Geoffl
577 1648 708 1703 chrys.
752 1660 793 1701 4.
836 1651 936 1703 apud
971 1649 1064 1690 Fab.
1111 1650 1176 1691 fed
1214 1651 1357 1706 potlus

464 1702 550 1744 haec
605 1703 838 1759 synonymae
890 1704 1020 1758 chrys.
1069 1706 1171 1746 desc.
1218 1708 1347 1750 Faun.

456 1759 554 1798 edit.
585 1770 621 1799 1.
657 1773 697 1801 n.
734 1769 839 1814 1354
865 1790 878 1810 ‚
914 1769 957 1799 ut
981 1760 1029 1798 -de
1071 1760 1170 1800 Geer
1206 1762 1349 1803 obser-

460 1823 589 1853 vavlt.

409 1866 509 1908 Hah.
540 1869 578 1908 in
605 1869 754 1923 populo
781 1870 948 1911 tremula
967 1900 978 1920 ,
1007 1884 1114 1911 mera
1141 1881 1272 1913 tamen
1292 1872 1347 1914 est

462 1925 636 1964 varietas
668 1927 770 1978 apud
803 1925 919 1966 Lirm.

407 1976 521 2028 Desb.
554 1978 698 2030 Corpus
733 1981 931 2034 nigricans
958 1996 967 2020 ε
997 1982 1138 2035 Ρῑιηξξει
1165 1983 1277 2036 nigra
1302 1984 1344 2025 in

463 2033 602 2086 elytris
642 2035 798 2088 fingulis
832 2047 852 2088 3
891 2036 959 2076 vel
1011 2037 1134 2089 plura.
1179 2037 1343 2078 Thorax

459 2090 608 2138 ruber,
646 2091 687 2128 in
715 2091 846 2130 medio
889 2090 1036 2143 postice
1073 2094 1201 2146 niger.
1245 2094 1343 2134 An—

460 2153 585 2181 tennae
623 2143 794 2185 serratae.
831 2143 955 2185 Fam.
989 2154 1075 2194 525.

80 2251 318 2309 Lapponica.
347 2249 415 2292 28.
447 2252 494 2292 C.
525 2255 606 2305 (de
637 2252 674 2294 la
703 2251 940 2308 Lapp0n1e)
982 2266 1130 2307 ovata,
1174 2258 1341 2300 thorace

461 2309 618 2358 viridi,
664 2309 803 2364 elytris
852 2311 978 2351 rubris
1014 2327 1022 2351 ε
1072 2313 1189 2353 fascia
1235 2316 1341 2354 inter

459 2365 643 2414 punfflun
659 2365 926 2421 maculamque
943 2367 1116 2408 lunatam
1133 2369 1340 2415 caerulea&

241 2409 375 2471 ῑψᾱ.
408 2415 554 2459 :comus
581 2418 620 2463 I.
1103 2425 1125 2467 Ᾰ
