1633 2815
201 132 294 180 250
347 131 446 172 Ins
462 137 604 171 zea-A
637 128 1063 175 cotzortrznm
1083 131 1332 190 Cerambyxz‘

535 239 660 295 Geoffl
687 241 844 295 leptura
876 255 942 298 17.

528 295 655 336 Faun.
691 297 820 339 Fridr.
858 310 951 353 131.
1077 328 1085 339 .

529 351 596 391 De
630 350 730 392 Geer
751 383 764 403 ‚
799 365 866 395 22.
898 366 993 396 tom.
1024 363 1057 405 5.
1088 373 1132 408 p.
1157 354 1227 411 87.

525 406 682 462 Sclzaeffi
710 408 822 449 elem.
854 421 885 450 t.
914 409 984 464 76.
1004 412 1045 464 f.
1070 422 1112 463 4.

667 464 768 505 icon.
795 476 826 504 t.
851 463 920 516 64.
942 467 982 518 f.
1011 476 1051 517 4.
1083 475 1118 516 5.

532 517 644 570 Sulz.
677 519 757 570 hist.
793 530 824 558 t.
855 529 897 572 4.
918 522 960 574 f.
991 531 1060 575 29.

541 573 635 614 Fab.
664 575 862 615 callidium
893 585 929 616 1.
1133 600 1138 603 -

533 627 637 673 Hah.
668 631 709 669 in
737 633 911 685 Europa.
938 634 983 671 In
1009 631 1199 673 America
1223 632 1483 686 Septentrio-¹

589 684 684 726 nali.
710 685 854 726 Kalm.
887 688 932 726 In
959 687 1107 728 Gallia.

533 739 721 781 Perforat
747 740 856 795 ligna
873 771 888 789 ,
918 743 1092 795 parietes
1111 773 1124 793 ‚
1156 741 1298 783 afferes
1331 756 1355 784 e
1382 745 1480 796 pino

590 795 807 848 desumpta.
842 799 1048 850 Frequens
1076 799 1118 838 in
1147 799 1343 839 domibus.

534 849 652 901 Defi.
698 850 738 891 T
737 863 825 890 otus
879 853 994 907 niger
1038 852 1092 893 est
1137 867 1227 894 cum
1281 853 1480 894 cineritiei

587 907 772 947 mixtura.
836 906 987 960 Corpus
1021 917 1152 950 totum
1195 908 1372 950 scabrum
1412 907 1481 948 vel

591 960 788 1015 inaequale
843 964 994 1016 punstis
1051 964 1285 1017 prominulis
1328 963 1486 1004 inordi-

590 1016 695 1057 natis
735 1019 773 1059 ὅ(
798 1019 887 1070 pilis
927 1019 1098 1059 cinereis
1143 1020 1271 1074 vagis·
1313 1018 1481 1058 Thorax

590 1085 693 1113 vero
725 1081 835 1113 totus
863 1071 1063 1124 hirsutus,
1094 1075 1277 1115 cinereus
1302 1073 1330 1114 s.
1366 1074 1481 1126 niger

591 1127 681 1181 'pilis
713 1127 811 1168 albis
841 1129 880 1169 ὅ(
909 1130 1065 1169 duobus
1105 1130 1144 1170 &
1177 1139 1294 1183 tergo
1329 1128 1483 1182 punciis

591 1182 826 1236 prominulis
853 1183 1025 1238 glabris,
1052 1185 1193 1238 quibus
1221 1186 1269 1224 ab
1299 1183 1483 1224 omnibus

591 1238 738 1279 differt.
770 1239 973 1278 Antennae
1001 1241 1127 1294 nigrae
1146 1270 1160 1290 ‚
1191 1251 1350 1293 parvae,
1387 1251 1483 1278 cor-

593 1307 695 1346 pore
726 1294 891 1334 dimidio
922 1295 1146 1336 breviores.
1185 1294 1297 1333 Oculi
1327 1295 1367 1334 in
1395 1293 1485 1345 qud-

593 1347 752 1388 busdam
782 1350 976 1390 deaurati.
1011 1351 1136 1389 Pedes
1177 1350 1280 1403 nigri
1312 1363 1320 1388 z
1361 1346 1400 1387 T
1398 1349 1485 1386 tbiae

595 1403 744 1457 duplici
770 1403 878 1457 spina
905 1405 1163 1454 terminatae3
1190 1406 1231 1444 in
1258 1402 1376 1444 dorso
1397 1403 1489 1456 ely-

595 1468 751 1498 trorum
786 1458 905 1499 fascia
930 1459 1018 1499 alba
1044 1460 1234 1499 undulata
1265 1460 1333 1499 sed
1364 1458 1488 1499 obso-

594 1513 675 1554 leta
693 1543 706 1563 ‚
736 1523 780 1553 ut
810 1515 881 1554 vix
911 1515 1074 1555 visibilis
1107 1515 1166 1555 fit.
1203 1513 1367 1554 Femora
1401 1512 1487 1553 cla-

594 1579 704 1608 vata.
744 1569 891 1623 Elytra
931 1569 1093 1611 flexilia.
1134 1569 1339 1610 Denticuli
1385 1567 1486 1608 nulli

594 1624 634 1662 in
661 1624 843 1664 thorace.

544 1683 586 1727 β.
604 1679 742 1718 Facies
760 1680 1034 1719 antecedentis
1047 1709 1058 1728 ‚
1074 1676 1142 1719 sed
1157 1679 1321 1718 omnino
1339 1677 1486 1718 minor.

596 1732 800 1772 Ameana,
830 1746 1002 1786 corpore
1029 1734 1262 1782 breviores,
1288 1733 1487 1773 testaceae.

597 1787 760 1827 Thorax
788 1788 951 1828 villosus
970 1819 981 1838 ,
1010 1790 1193 1830 cinereus
1220 1788 1247 1828 s.
1268 1789 1382 1842 niger
1397 1787 1488 1840 pilis

598 1843 697 1883 albis
718 1858 729 1891 3
758 1855 778 1882 a
798 1852 913 1897 tergo
931 1845 1082 1896 punffls
1103 1844 1257 1883 duobus
1275 1843 1460 1895 oblongis
1475 1872 1489 1892 ,

597 1898 758 1951 glabris,
787 1898 931 1950 Elytra
962 1899 1160 1948 testacea,
1192 1898 1376 1938 antennis
1395 1897 1488 1950 pal-

600 1953 742 1993 lidiora
762 1984 774 2003 ‚
809 1954 961 2006 punciis
991 1964 1187 1994 excavata
1207 1984 1220 2002 ‚
1247 1966 1329 1993 non
1354 1962 1487 1992 tamen

599 2007 744 2049 striata.
795 2008 957 2048 Femora
1006 2010 1134 2061 nigra.
1186 2008 1299 2047 Oculi
1343 2008 1488 2048 aurati.

600 2064 801 2103 Antennae
828 2064 916 2116 pilis
939 2063 1148 2118 adspersae,
1166 2064 1289 2104 tertio
1316 2060 1486 2101 articulo

601 2119 856 2173 longiffim03
893 2119 992 2172 saepe
1034 2118 1152 2160 fascia
1181 2118 1268 2157 alba
1305 2115 1485 2156 obsoleta

601 2174 641 2212 in
673 2174 823 2222 dors03
867 2173 960 2215 hinc
993 2173 1161 2213 affinitas
1200 2185 1289 2212 cum
1330 2183 1488 2223 praece*

600 2229 722 2269 dente
752 2229 909 2268 summa.
938 2228 1063 2268 Faun.
1093 2228 1186 2277 672.

220 2341 434 2383 Fennicoe.
461 2338 528 2394 76,
563 2340 612 2378 C.
659 2337 740 2389 (le
787 2336 938 2386 cruel)
986 2336 1153 2377 thorace
1193 2337 1344 2376 mutico
1391 2335 1485 2375 sub-

603 2394 779 2435 rotundo
806 2391 1022 2436 tuberculis
1050 2390 1489 2445 subferrngineo-obso-
