1633 2815
261 124 359 182 '318
456 125 737 166 ἸΙΙκτςΕε-ῑΑ
768 117 1360 170 COtEo‘P‘rERA.E1ate'r.

609 233 778 275 Hah.1·n
804 218 943 288 sy.1vis

328 346 489 390 Badius.
521 354 583 402 53.
610 349 659 388 Ε.
650 348 722 442 .ΐὲ
739 345 778 386 le
809 345 876 386 bai
908 344 926 396 )
961 344 1129 440 thlorace
1156 347 1451 402 abdomineque
1483 342 1553 390 υἷ-

662 402 901 498 ειὲἕᾶῃιὲὶίξῑο
929 431 943 451 ,
973 415 994 442 e
1012 410 1114 455 ytns
1140 402 1282 443 striatis
1315 405 1556 458 pedibusque

605 512 706 556 Hah.
739 514 780 553 in
817 511 939 554 arvis.
973 514 1018 552 In
1050 511 1192 555 Gallia.
1224 517 1281 558 V.

716 624 782 664 Ex
811 625 849 664 E
851 635 972 664 ntom
995 624 1122 676 paris

271 735 492 780 Balteatus.
527 743 591 791 54.
619 739 666 796 Ε.
701 738 719 787 (
749 735 786 776 le
825 736 1026 785 bedeau)
1059 734 1207 789 niger,
1243 735 1386 790 elytris
1413 735 1552 786 fusciS,

660 790 814 856 fingulo
848 790 966 831 fascia
1000 749 1288 844 longitudinali
1314 791 1440 832 fulva.

603 846 705 886 Hab.
734 847 773 885 in
811 846 975 896 Gallia,
1002 845 1191 898 frequens
1224 847 1265 886 in
1292 848 1413 887 arvis.

607 901 696 952 obs
731 901 924 942 Diversus
951 901 1019 941 ab
1034 901 1185 941 elatere
1219 901 1399 942 balteato
1430 902 1549 942 [ἔπη.

658 958 751 997 inde
782 971 930 997 nomen
968 970 1051 996 non
1087 957 1297 997 convenit.

607 1013 759 1054 Variat
789 1013 1063 1066 magnitudine
1092 1013 1131 1053 δί
1157 1010 1290 1052 forsan
1318 1011 1436 1054 fascia
1463 1026 1551 1066 quae

655 1068 757 1122 saepe
787 1068 905 1109 abest.

295 1177 502 1222 Rachifer.
535 1185 598 1229 55.
628 1182 674 1220 F..
724 1182 741 1232 (
781 1180 819 1221 le
862 1178 1170 1242 porte-epine)
1220 1179 1366 1233 niger,
1410 1178 1552 1233 elytris

659 1235 818 1285 fulvis,
853 1234 993 1276 rachis
1022 1235 1162 1289 nigris.

602 1291 701 1331 Hah.
733 1292 772 1330 in
805 1291 949 1331 Gallia.

601 1349 710 1387 Inter
741 1346 942 1389 minimos

270 1456 507 1499 Teffelatus.
541 1456 604 1508 56.
632 1460 678 1497 Ε.
710 1460 729 1509 (
757 1456 794 1497 le
825 1455 970 1510 plaque
997 1455 1015 1506 )
1052 1455 1196 1509 niger,
1237 1453 1384 1496 villoso
1415 1456 1550 1495 undu-

657 1512 774 1552 latus.

604 1567 706 1608 Hah.
735 1569 774 1607 in
804 1568 908 1621 agris
942 1566 1096 1607 Galliae.

604 1623 669 1663 Ob
694 1624 874 1663 rationes
901 1621 1137 1676 supradistas
1154 1634 1303 1662 nomen
1321 1620 1474 1662 inffilix.
1491 1624 1547 1663 V

295 1732 494 1773 Melano-
529 1741 591 1786 57.
621 1735 667 1773 E.
711 1732 812 1785 (les
858 1746 968 1787 yeux
1012 1733 1166 1783 noirs)
1207 1730 1377 1780 fuscus,
1419 1731 1548 1773 oculis

269 1789 483 1843 phtalmos.
657 1789 795 1842 nigris.

541 1888 544 1891 ἱ
599 1843 699 1884 Hah.
727 1846 765 1883 in
797 1859 833 1883 υ
800 1844 939 1884 ‘'Allia-

601 1901 669 1940 An
698 1900 929 1940 Austriacus
968 1899 1026 1940 D.
1059 1898 1296 1938 Sclzranck?
1327 1901 1382 1940 V.

323 2011 486 2053 Fuscus.
525 2010 586 2062 58.
617 2013 662 2051 E.
695 2014 712 2064 (
738 2010 775 2051 le
805 2011 951 2051 brunet
981 2011 999 2060 )
1035 2019 1146 2050 totus
1179 2008 1308 2050 fuscus
1329 2039 1342 2060 ,
1380 2008 1547 2050 thorace

656 2068 844 2120 punstato
862 2098 874 2116 ‚
905 2067 1048 2121 elytris
1077 2065 1233 2106 striatis.

601 2122 702 2163 Hal).
731 2125 771 2162 in
800 2123 943 2162 Gallia.

298 2233 486 2278 Villosus.
523 2240 585 2288 59.
616 2236 662 2273 E.
695 2233 749 2284 (’
741 2247 776 2273 e
806 2233 946 2282 velu)
983 2233 1116 2274 fulvus
1151 2230 1303 2273 vellere
1349 2229 1432 2271 levi
1470 2228 1546 2271 sas-

658 2290 791 2329 ciatim
822 2288 1068 2340 conspersus.

567 2343 703 2383 Hah.
735 2345 773 2382 in
803 2343 946 2384 Gallia.

602 2402 712 2440 Inter
745 2401 949 2441 maximos.
