1633 2815
228 66 484 106 Iuste-u
515 58 938 102 Consortium.
967 56 1158 104 Carabus.
1246 62 1330 115 383

393 171 494 212 Hah.
521 170 560 209 in
594 173 788 211 Nemore.
816 172 860 210 In
891 169 1032 212 Gallia.
1059 172 1114 212 V.

394 226 485 276 Obfi
516 226 659 266 Similis
690 227 821 266 carab.
851 225 1027 266 hortenfi
1047 254 1057 271 ,
1102 225 1168 267 sed
1203 224 1334 279 elytra

447 281 687 334 nigricantia
723 291 860 334 aperte
892 279 1024 324 striata
1048 279 1150 322 sunt.

79 396 286 438 Minimum
318 399 412 443 105.
443 392 491 431 C.
524 393 542 443 (
568 392 637 432 des
662 391 840 433 herbiers
865 392 883 442 )
925 390 1093 432 thorace
1118 391 1304 446 subnigro
1320 421 1335 443 ,

449 446 615 500 pedibus
643 447 904 500 antennisque
929 446 1070 488 striatis
1096 445 1228 488 fuscis.

394 501 496 542 Hah.
527 504 566 541 in
594 502 801 543 herbariis.

398 558 488 607 Obs.
515 558 598 599 Vix
629 557 802 611 pediculi
832 557 1118 612 magnitudine.

545 667 583 707 E
585 684 612 707 x
641 667 744 718 Mufi
776 669 867 719 nost.

67 778 333 821 Elateroides.
351 776 444 818 106.
462 776 510 816 C.
528 779 546 827 (
564 775 847 825 l’elatero'ide)
883 775 1013 815 alatus
1030 806 1042 825 ,
1060 776 1190 816 fulvus
1205 807 1218 827 ‚
1247 777 1344 818 tho-

456 843 549 873 race
583 831 701 884 nigro
741 840 894 872 armato
927 840 972 870 ut
1015 832 1055 870 in
1097 831 1310 873 elateribus
1328 862 1343 881 ,

458 885 600 939 elyrris
634 886 829 927 testaceis.

400 941 500 982 Hah.
532 943 569 980 in
595 954 720 994 prope
756 941 1008 983 Nemausum.

403 997 521 1048 Dese.
561 1001 669 1036 inter
702 996 886 1049 majores.
918 996 1046 1048 Caput
1072 997 1254 1051 nigrum,
1287 996 1347 1038 fe-

456 1065 567 1093 mora
599 1051 780 1093 testacea.
829 1051 954 1093 Tibiae
1000 1054 1035 1093 &
1085 1054 1208 1103 tarses
1255 1052 1343 1093 rufi.

457 1107 665 1147 Abdomen
706 1107 808 1148 infra
845 1107 1012 1149 fulvum.
1049 1106 1257 1158 Singulare
1284 1109 1348 1147 in-

457 1163 613 1203 senum.
635 1161 675 1202 T
671 1163 797 1202 l'zorax
817 1163 865 1204 ab
887 1164 966 1204 hoc
990 1177 1138 1217 genere
1165 1163 1345 1214 recedit3

460 1229 607 1260 caetera
635 1219 846 1260 reducunt.

121 1328 307 1370 Plicatus.
342 1339 434 1383 107.
466 1329 514 1368 C.
547 1327 624 1380 (le
659 1328 780 1381 plie)
832 1337 944 1368 totus
992 1338 1078 1369 ater
1107 1357 1120 1376 ‚
1177 1328 1345 1369 thorace

462 1384 568 1444 linea
598 1393 786 1476 εεκειῖξιῑοἒ
817 1382 983 1424 foveato
1003 1414 1014 1432 ,
1045 1384 1185 1436 elytris
1212 1383 1349 1424 versus

469 1450 487 1476 a
520 1451 619 1477 icem
698 1448 822 1478 utatis.

410 1451 516 1532 Hahl.)
542 1493 581 1531 in
606 1452 808 1533 melioribus
835 1492 1049 1533 Cebennis.

409 1548 526 1597 Desc.
562 1548 704 1599 Elytra
740 1547 870 1587 striata
895 1548 1014 1597 sunt,
1054 1547 1150 1588 sulci
1183 1547 1312 1602 rugosi
1332 1577 1346 1597 ,

464 1601 568 1655 palpi
586 1602 675 1643 rufi.
698 1603 879 1642 Stemum
897 1602 1013 1644 valde
1033 1604 1262 1656 prominens
1281 1602 1349 1643 est.

80 1712 303 1753 Punecatis-
345 1710 436 1752 108.
471 1713 488 1761 (
511 1710 548 1750 le
574 1711 791 1764 pointille)
821 1711 946 1751 alatus
964 1742 977 1761 ‚
1008 1713 1122 1766 niger
1141 1743 1153 1762 ‚
1176 1713 1242 1752 sed
1268 1717 1367 1753 non'

109 1767 236 1808 fimus.
408 1773 413 1777 '
465 1767 640 1815 nitidus,
661 1766 827 1820 thorace
854 1769 1045 1817 cordato,
1075 1768 1214 1821 elytris
1235 1769 1353 1808 valde

465 1821 769 1873 punitatiffimis.

412 1875 513 1914 Hah.
546 1876 585 1914 in
618 1878 766 1917 Monte
786 1907 798 1927 ‚
826 1876 981 1932 vulgo,
1005 1877 1056 1918 Ze
1095 1876 1347 1918 Mem-Pila.

409 1930 525 1979 Dese.
554 1930 699 1984 Elytra
728 1933 885 1972 ratione
914 1933 1048 1972 inseffi
1072 1933 1352 1987 magnitudinis

465 1985 609 2024 latiora
660 1992 773 2038 quam
815 1988 856 2026 in
901 1987 980 2026 ulla
1028 1986 1186 2040 specie3
1228 1987 1353 2027 affinis

463 2040 596 2078 carah.
627 2041 762 2092 sfylplz.
796 2040 863 2080 sed
891 2040 1094 2088 diversus,
1126 2053 1170 2082 ut
1210 2044 1351 2096 punffika

465 2089 690 2146 elytrorum
720 2094 999 2137 confertiffima
1031 2097 1226 2138 indicant.

90 2214 129 2258 3.
147 2203 331 2244 Macula·
363 2211 455 2257 109.
486 2203 533 2242 C.
569 2205 587 2255 (
612 2203 669 2244 les
701 2205 802 2244 trois
836 2205 1005 2257 taches)
1027 2206 1177 2258 alatus,
1204 2208 1349 2262 niger,

169 2268 246 2299 tus.
468 2256 610 2310 elytris
643 2260 795 2300 macula
835 2263 949 2314 nigra
985 2264 1158 2303 rotunda
1181 2293 1194 2314 ,
1226 2264 1351 2305 altera

471 2311 674 2368 oblonga,
715 2313 883 2357 thorace
909 2314 1015 2359 rufo.
