1633 2815
188 128 276 162 210
341 120 609 161 INSEc‘rA
636 98 1058 152 CoLE⁷0P11*RA‡
1090 101 1300 152 Curculioi

521 219 639 272 Dese.
670 220 791 260 Cure.
821 219 967 260 incano
1001 219 1103 259 adeo
1134 217 1264 258 similis
1297 217 1424 272 figura
1449 224 1470 270 3

575 274 848 328 magnitudine
877 276 915 316 &
945 274 1118 325 colore,
1150 283 1195 313 ut
1221 287 1294 326 pro
1323 275 1469 314 eodem

573 328 714 370 haberi
732 329 847 382 poffit
860 358 872 375 ,
888 329 955 370 sed
971 330 1092 382 pedes
1104 359 1116 378 ,
1135 328 1243 369 tibiae
1258 330 1294 370 ὃ(
1312 328 1466 369 femora

572 383 892 425 testaceo-rubra
925 385 1030 424 nuda
1048 412 1062 431 ,
1104 397 1179 424 nec
1209 384 1314 424 villis
1345 385 1463 424 cine-

573 441 656 481 reis
683 438 885 492 adspersa:
906 438 1078 492 ungula,
1098 438 1127 479 s.
1155 440 1243 479 duae
1268 439 1435 491 squamae
1451 468 1469 488 .,

573 496 616 535 in
642 494 824 535 omnibus
842 494 893 533 ad
919 502 1104 534 exortum
1122 493 1312 548 ungulum
1329 523 1342 541 ‚
1370 492 1465 533 solae

575 550 701 645 niglrae
722 549 1144 644 lsur1t·.ffAntenriarum
1169 549 1327 643 i6nfimus
1359 548 1464 588 arti-

575 619 628 646 cu
645 618 690 646 us
738 618 834 658 ongi
866 616 978 644 imus.
1047 617 1141 644 aun.
1197 613 1264 657 34.

187 722 435 773 Nebulosus.
455 726 548 773 152.
571 718 621 758 C.
639 715 709 768 (le
733 713 964 764 ne'buleux)
981 712 1232 754 brevirostris
1268 713 1468 769 oblongus

575 784 696 813 canus
716 800 728 819 ‚
752 769 894 824 elytris
926 767 1055 809 fasciis
1080 768 1254 821 obliquis
1279 771 1417 824 nigris.
1445 772 1468 791 ⁴‘

518 826 643 869 Faun.
664 826 770 876 suec.
803 836 839 864 1.
870 839 911 864 n.
945 822 1041 875 448.
1075 823 1254 864 curculio
1287 825 1378 865 albo
1406 826 1471 864 ni-

574 894 729 936 groque
758 880 894 921 varius
911 909 924 929 ‚
957 878 1194 932 proboscide
1225 878 1468 933 planiuscula

575 937 752 977 carinata
785 934 965 975 thoracis
993 933 1260 988 longitudine.

515 992 663 1042 Frisc'lz.
696 991 767 1041 ins]
803 1001 866 1029 11.
895 1006 936 1041 p.
965 1000 1032 1029 22.
1063 1000 1094 1029 t.
1123 999 1190 1042 23.
1213 990 1254 1042 f.
1283 1000 1322 1042 3.

520 1046 644 1102 Geoffi
676 1043 901 1087 charenson
935 1045 958 1083 a
979 1053 1145 1098 ·trompe
1173 1044 1378 1087 sillonn6e.

516 1269 663 1309 Enurrz.
690 1276 787 1321 229.

513 1324 579 1364 De
612 1322 711 1363 Geer
735 1352 748 1372 ‚
774 1332 841 1373 27.
871 1332 901 1362 t.
936 1328 972 1371 ς.
1000 1336 1044 1371 p.
1077 1329 1174 1374 242.

515 1378 617 1418 Hah.
647 1379 687 1417 in
716 1380 891 1430 Europa.
918 1379 962 1415 In
990 1375 1135 1417 Gallia.

519 1433 639 1484 Dests.
682 1432 811 1473 Color
855 1445 906 1471 ex
937 1431 1060 1470 niveo
1113 1432 1151 1471 &
1200 1429 1318 1485 nigro
1355 1432 1472 1476 varie,

572 1489 721 1531 mixtus
750 1518 763 1538 ‚
815 1486 919 1539 quasi
976 1499 1047 1548 per
1090 1484 1227 1526 fascias
1270 1485 1468 1539 obliquas-

573 1542 616 1585 T
613 1545 742 1584 horax
767 1541 1105 1596 subferrugmeus.
1136 1539 1262 1582 Faun.
1292 1541 1388 1595 635.

186 1657 390 1705 Sulciros-
423 1663 515 1710 153.
546 1654 596 1693 C·
628 1651 709 1703 (la
740 1660 897 1703 trompe
937 1649 1128 1690 fillonnbe
1155 1652 1171 1700 )
1216 1648 1467 1691 brevirostri's

242 1716 329 1758 tris.
568 1705 769 1758 oblongus
796 1706 978 1745 cinereus
1005 1703 1314 1755 subnebulosus,
1333 1704 1462 1748 rostro

572 1760 796 1801 trisulcato.

517 1817 612 1860 Fab.
643 1825 735 1868 142.

517 1868 582 1915 De
616 1870 748 1920 Geer,
778 1870 844 1912 16.
881 1882 976 1911 tom.
1011 1877 1045 1921 5.
1071 1886 1113 1922 p.
1140 1880 1236 1923 240.

518 1929 661 1968 Enum.
689 1925 783 1966 228.

515 1983 636 2024 Miill.
665 1981 753 2022 Lin.
785 1980 891 2022 Nat.
929 1982 980 2020 cl.
1010 1992 1059 2022 V.
1079 1999 1120 2034 p.
1149 1979 1245 2036 238.

515 2038 617 2078 Hah,
653 2038 692 2077 in
724 2040 896 2090 Europa,
935 2040 980 2077 In
1017 2037 1159 2078 Gallia.
1191 2040 1244 2078 V,

518 2093 743 2134 Simillimus
756 2106 864 2134 curc.
877 2091 1070 2132 nebuloso
1082 2123 1094 2142 ‚
1109 2102 1149 2132 at
1165 2092 1330 2132 rostrum
1345 2093 1462 2133 dorso

573 2161 656 2188 non
670 2149 888 2188 carinarum
900 2178 912 2197 ‚
923 2147 988 2188 sed
1003 2148 1128 2187 tribus
1141 2147 1255 2187 sulcis
1267 2146 1464 2198 parallelis

572 2212 825 2244 excavatum.
854 2205 969 2243 Hunc
998 2215 1081 2243 non
1111 2202 1225 2242 vidit.
1250 2200 1307 2241 D.
1338 2200 1462 2256 Geoffi

279 2321 400 2373 gater,
427 2322 521 2372 154.
548 2304 698 2364 C.'.(le
729 2311 943 2361 charbon)
975 2310 1223 2357 brevirostiis
1259 2311 1459 2368 oblongus

576 2377 663 2414 ater
672 2397 687 2425 2
714 2367 898 2424 antennis
921 2365 1030 2411 rufis.
1056 2368 1080 2427 ζ
