1633 2815
266 106 269 111 ·
324 89 593 129 ursam-A
618 86 978 127 HEMIPTERA.
1008 83 1152 141 Aphis.
1299 92 1374 138 551

45 226 49 231 -
107 196 338 238 Arundinis.
365 202 435 249 45.
464 195 520 235 A.
542 197 587 258 ·(·
612 196 673 258 ‘du
714 196 854 237 roseau
900 197 1130 250 p1umeux)
1175 197 1378 239 arundinis

487 263 706 304 eplge1os..

437 304 538 346 Hab.
570 307 610 345 in
644 307 846 347 arundinis
872 308 1051 363 epigeios
1080 308 1200 351 foliis.

120 416 333 471 Aparines.
362 414 431 468 46.
462 416 517 456 A.
552 418 568 467 (
595 394 645 456 du
675 419 900 472 grateron)
928 418 1045 473 gallii
1069 420 1265 472 aparines.

435 471 534 510 Hab-
566 472 607 511 in
636 474 745 527 gallii
777 475 958 528 aparines
994 474 1188 515 caulibus.

103 580 335 635 {Achilleae
362 591 430 637 47.
451 582 506 624 A.
529 586 547 636 (
566 585 615 624 de
632 583 891 635 l’achilliere)
908 583 1126 626 flavescens
1142 616 1153 635 ‚
1171 586 1382 627 abdomine

491 640 612 679 viridi
630 669 642 687 ,
685 641 870 679 antennis
908 640 1149 693 pedibusque
1180 641 1334 681 albidis.

436 692 536 732 Hah.
549 694 588 731 in
602 692 770 733 achillea
784 693 1008 733 millefolio.
1027 697 1232 747 Frequens
1251 696 1381 735 Kiliae.

178 802 317 843 Corni.
347 800 414 854 48.
446 802 500 842 A.
536 803 554 852 (
579 803 630 841 du
657 794 904 843 cornouiller
933 800 1131 856 sanguin)
1159 804 1273 843 corni
1295 805 1384 844 sana

497 870 666 910 guineae.

434 911 532 952 Hah.
560 912 602 951 in
629 914 745 954 corni
771 912 997 967 sanguineae
1025 913 1148 977 foliis.

121 1022 341 1075 Evonymi.
371 1031 439 1074 49.
476 1023 525 1061 A.
561 1023 578 1072 (
605 1023 656 1060 du
689 1020 813 1062 fusain
838 1023 856 1073 )
893 1025 1087 1078 evonymi
1114 1026 1313 1078 Europaei.

439 1075 543 1116 Hah.
574 1077 613 1116 in
642 1078 836 1131 evonymi
862 1080 1035 1133 Europae
1065 1078 1188 1119 foliis.

160 1185 331 1227 Avenae.
353 1193 427 1235 50.
459 1187 513 1227 A.
545 1189 562 1238 (
580 1188 628 1226 de
649 1187 825 1228 l’avoine
842 1188 1052 1239 cultive'e)
1075 1203 1215 1231 avenae
1233 1189 1382 1230 sativae.

441 1241 542 1282 Hah.
572 1243 610 1280 in
636 1245 806 1295 Europae
832 1257 967 1284 avena
987 1244 1128 1286 sativa.

160 1351 336 1391 Fraxini.
373 1359 435 1400 51.
468 1351 521 1390 A.
554 1353 572 1403 (
602 1353 651 1390 du
682 1351 797 1393 ‘frene
822 1354 839 1402 )
871 1352 1017 1393 fraxini
1041 1354 1279 1398 excelfioris.

446 1405 568 1458 chffl
602 1407 671 1456 insi
706 1419 800 1446 tom.
834 1418 870 1447 Ι.
899 1424 940 1458 p.
971 1418 1066 1461 494.
1108 1425 1147 1448 η.
1173 1421 1214 1451 2.

441 1460 541 1500 Hab.
573 1462 612 1501 in
642 1460 784 1501 fraxini
811 1463 1035 1503 excelfioris
1062 1466 1193 1504 ramis.

154 1569 338 1611 Viburni.
376 1578 439 1619 52.
473 1571 527 1610 A.
561 1575 580 1622 (
609 1573 659 1610 du
687 1573 883 1623 viorme)
925 1573 1086 1613 viburni
1117 1575 1238 1614 oculi.

440 1625 556 1675 Scop.
589 1625 681 1679 396.

439 1680 544 1720 Hah.
570 1681 610 1719 in
639 1680 745 1722 foliis
773 1683 811 1723 &
844 1682 1206 1730 caulibusviburni
1234 1684 1359 1738 opuli.

112 1772 332 1843 Atriplicss.
370 1797 430 1844 53·
464 1791 518 1831 A.
553 1793 571 1842 (
598 1792 647 1831 de
676 1791 962 1834 l’arrochesdes
990 1793 1388 1849 jardinsmtripncis.

442 1846 839 1964 HassPriringtsiiplicis
866 1902 1061 1943 hortenfis
1087 1905 1388 1946 summitatibus.

159 2008 341 2049 Picridis.
380 2016 442 2062 54.
474 2011 528 2050 A.
561 2012 578 2062 (
606 2012 654 2051 de
682 2011 718 2051 la
747 2013 908 2066 erepide
936 2013 1144 2067 e'perviere
1169 2016 1186 2066 )
1231 2017 1390 2069 picridis

503 2065 779 2107 hieracioides.

446 2119 548 2160 Hah.
577 2122 615 2160 in
642 2122 804 2174 pieridis
838 2123 1092 2171 hieracbioidis
1118 2126 1311 2168 caulibus.

118 2205 342 2283 Egopodii.
373 2236 434 2280 55.
466 2231 519 2269 A.
540 2232 560 2281 (
577 2232 625 2270 de
644 2230 680 2271 la
697 2231 878 2295 boucage
896 2234 1106 2288 angelique
1124 2236 1141 2285 )
1171 2236 1389 2290 aegopodiae

451 2287 853 2397 Hagudiazgrgfgizoffli
877 2346 1079 2437 podaggiffiae
1104 2344 1222 2407 feliis.

1067 2413 1104 2438 m
1132 2413 1175 2439 lv
