1687 2799
269 187 362 250 '70
473 193 736 230 INSECTA
767 185 1424 240 COLEOPTERA.Byrrhus.

505 408 1028 483 GENUS
1141 410 1378 484 VII.

310 545 642 594 PYRRHUS.
685 550 909 593 Antennae
941 542 1120 590 clavatae
1147 578 1161 603 ,
1213 543 1451 608 subsolidae‚
1490 543 1591 590 sub-

438 612 701 676 compressae.
748 629 776 657 τ.
820 631 859 659 1.
886 612 929 672 f.
963 626 1006 672 9.

312 735 616 791 Scrophulatiae·

329 2171 575 2242 Muqeorum.
595 2179 635 2210 2.

640 745 676 774 1.
707 735 754 773 B.
784 733 868 783 (de
893 731 931 770 la
956 729 1259 783 scrophulaire)
1288 732 1401 786 niger
1420 761 1432 782 ‚
1453 731 1594 786 elytris

698 789 790 830 albo
816 785 1026 827 maculatis
1059 786 1192 826 sutura
1228 786 1455 840 sanguinea.

641 846 766 887 Faun.
793 844 898 893 suec.
937 851 1031 894 429.
1080 842 1304 882 Dermestes
1344 842 1593 881 tomentosus

698 898 918 940 maculatus
940 927 952 947 ,
980 896 1114 936 sutura
1145 896 1371 950 elytrorum
1404 896 1537 937 rubra.

644 957 759 1006 Scop.
800 956 939 993 Derm.
965 953 1195 1005 variegatus
1231 962 1300 1004 41.

643 1012 741 1053 Fab.
778 1008 907 1048 Anth.
936 1019 975 1048 2.

645 1068 710 1109 De
750 1065 878 1113 Geer‚
915 1065 1054 1104 Derm.
1084 1060 1123 1102 6.

649 1120 772 1175 Geoffl
805 1119 1000 1159 anthrene
1026 1121 1049 1158 ὲ
1074 1117 1276 1158 broderie.

647 1177 752 1229 Sulz.
780 1177 861 1228 hist.
888 1175 958 1224 ins:
997 1185 1027 1215 t.
1057 1175 1152 1228 2.f.
1182 1183 1246 1214 11.
1269 1173 1309 1212 Ῐι.

645 1232 802 1286 Sclzaeffi
835 1229 947 1270 elem.
976 1241 1007 1270 t.
1041 1239 1106 1282 17.

773 1288 872 1326 icon.
899 1296 931 1326 t.
959 1283 1051 1340 176.
1078 1285 1119 1337 f.
1152 1293 1193 1335 4.

649 1344 793 1384 Enum.
823 1352 892 1394 73.

647 1398 770 1439 Miill.
801 1396 890 1436 Lin.
919 1395 1024 1435 Nat.
1052 1394 1101 1435 cl.
1131 1406 1179 1435 v.
1206 1410 1246 1444 p.
1274 1404 1368 1447 119.

649 1453 748 1496 Hah.
793 1452 833 1490 in
860 1450 1152 1504 Scrophulariis
1174 1452 1360 1502 Europae.
1392 1452 1438 1490 In
1470 1449 1600 1490 Gallia

702 1506 907 1559 frequens.

650 1562 767 1610 Defi.
799 1560 890 1612 Raj.
919 1559 1132 1611 descriptio
1164 1560 1312 1611 optima
1345 1558 1412 1599 est.
1455 1561 1601 1600 Abdo-

704 1630 791 1654 men
827 1614 971 1653 album.
1015 1612 1167 1663 Corpus
1207 1622 1385 1652 ovatum.
1432 1614 1600 1654 Thorax

702 1669 806 1708 latus
826 1698 838 1716 ‚
867 1680 1090 1708 convexus.
1137 1667 1285 1720 Elytra
1325 1668 1564 1722 nigricantia
1586 1700 1600 1719 ‚

708 1723 891 1764 albedine
919 1722 1096 1774 adspera.
1111 1722 1256 1762 Sutura
1276 1721 1500 1776 elytrorum
1518 1733 1600 1764 tam

704 1780 812 1820 inter
830 1777 869 1818 se
886 1808 898 1827 ‚
921 1790 1036 1830 quam
1056 1776 1123 1817 illa
1142 1791 1231 1817 cum
1248 1777 1415 1818 thorace
1430 1810 1442 1828 .,
1466 1780 1600 1820 rubra.

705 1833 910 1873 Antennae
932 1832 1100 1873 clavatae
1119 1862 1132 1882 ,
1152 1833 1320 1887 integrae
1341 1864 1352 1882 ,
1382 1847 1456 1874 nec
1492 1833 1602 1874 fiffae.

707 1891 805 1929 Haec
825 1890 863 1930 ὃ(
884 1887 1093 1940 insequens
1135 1900 1157 1927 a
1196 1889 1359 1940 reliquis
1386 1888 1486 1930 facie
1512 1899 1602 1930 tota

704 1945 901 1987 recedunt
929 1974 941 1993 ‚
975 1956 1064 1984 cum
1089 1943 1191 1995 quafi
1218 1942 1376 1983 hirsutae
1395 1944 1494 1994 smt,
1524 1959 1601 1985 nec

705 2000 885 2053 margine
921 1998 1143 2052 elyt'rorum
1184 1999 1398 2051 conspicuo
1438 2010 1506 2041 aut
1536 2014 1602 2041 τε»-

707 2054 815 2096 flexo
843 2063 1054 2096 notentur.
1081 2053 1208 2095 Faun.
1237 2065 1336 2108 429.

662 2168 709 2208 B.
755 2167 867 2217 (des
919 2164 1141 2214 cabinets)
1185 2164 1380 2205 nebulofis
1402 2194 1415 2215 ,
1459 2165 1601 2220 elytris

710 2219 979 2262 subnebulofis
1009 2221 1154 2272 punem
1184 2219 1292 2261 albo.

654 2277 781 2318 Faun.
814 2277 920 2326 suec.
954 2285 1051 2327 430.
1092 2274 1316 2315 Dermestes
1355 2275 1603 2319 tomentosus

712 2330 954 2375 maculatus,
982 2330 1122 2384 elytris
1148 2332 1295 2385 pumffo
1326 2330 1432 2373 albo.

654 2388 718 2429 De
754 2385 854 2424 Gecr
876 2415 888 2434 ‚
915 2387 1055 2428 Derm.
1081 2395 1122 2438 7·

656 2442 754 2486 Fab.
783 2440 911 2485 Anth.
939 2450 978 2498 3.
