1633 2815
252 195 514 234 Iuste-ria
542 188 960 231 COLEOPTERA.
987 188 1208 244 Lampyris.
1264 185 1349 244 287

463 297 605 352 elytris
625 327 637 344 ‚
655 306 797 339 atrum.
816 297 1012 337 Antennae
1034 297 1266 348 filiformes,
1281 297 1350 340 sed

464 352 643 394 articulis
682 355 793 407 apice
827 353 1048 394 antrorsum
1088 352 1356 406 prominuliss

468 409 624 448 macula
650 409 1004 466 dorsalis-thoracis
1023 418 1108 449 atra
1123 409 1241 449 etiam
1261 407 1360 448 scu--¹

467 463 606 504 tellum
623 465 737 518 tegit.
750 465 782 503 E
787 464 894 517 lytra
915 463 1047 504 mollia
1059 494 1070 513 ‚
1081 463 1362 504 suturatiffime‘

467 519 587 560 rubra
613 519 639 559 s.
671 521 862 560 coccinea
881 550 893 570 ‚
931 519 1148 561 tenuiffime
1188 518 1360 570 striatam¹

468 574 586 614 costis
605 575 628 615 6
657 573 1000 628 longitudinaliter
1031 573 1223 623 elevatis,
1243 576 1356 616 inter*

469 628 639 683 singulas
668 629 771 682 quasi
806 639 892 669 rete
935 642 958 669 e
1000 628 1162 668 maculis
1203 629 1362 682 duplici

466 685 608 724 ordine
629 714 642 733 ‚
671 684 778 737 rugis
813 684 938 723 minus
969 682 1151 723 elevatis.
1184 682 1224 722 T
1221 685 1353 724 horaz.-

467 738 588 778 ruber
630 737 772 778 suturis
819 737 988 777 elevatis
1038 738 1189 791 rugosis
1227 739 1361 783 funda

471 793 708 847 nigricante.
741 792 863 833 Faun.
897 803 993 845 704.

415 846 509 898 Obf.
541 850 689 888 Omnes
718 848 1036 902 entomologici,
1077 847 1135 888 D.
1170 848 1214 887 de
1253 847 1356 889 Geer

468 913 666 956 excepto,
684 902 786 943 hanc
807 903 1022 956 lampyrem
1041 916 1115 956 pro
1130 904 1246 957 lamp.
1263 903 1356 944 san-

466 959 612 1012 guinea
648 957 771 1012 Geqffi
810 958 1034 999 habuerunt
1062 959 1100 1000 &
1128 958 1208 1011 ipse
1236 958 1356 1001 Lina.

468 1015 594 1053 Certe
657 1015 822 1054 multum
887 1013 1074 1053 differunt
1135 1014 1356 1066 elytrorunz

473 1067 660 1108 struecura
689 1083 776 1122 quae
812 1068 952 1109 villosa
975 1097 989 1115 ,
1034 1070 1104 1109 vix
1146 1068 1276 1110 striata
1316 1072 1360 1111 &

467 1123 580 1164 nullo
607 1126 728 1165 modo
762 1125 866 1164 inter
905 1124 1015 1163 strias
1039 1124 1263 1164 reticulata.
1308 1128 1358 1166 111

472 1189 640 1232 utraque
665 1179 782 1232 lamp.
811 1178 963 1219 macula
991 1179 1151 1219 dorsalis
1178 1180 1362 1221 thoracis

469 1243 556 1273 atra
582 1265 594 1283 ‚
630 1235 838 1285 scutellum
882 1235 984 1288 tegit
1014 1265 1026 1283 ‚
1084 1234 1176 1274 hinc
1224 1248 1356 1275 error.

464 1291 604 1342 Lamp.
634 1290 846 1344 sanguinea
873 1289 987 1329 Linn.
1018 1289 1166 1341 species
1194 1290 1358 1330 videtur

471 1345 632 1396 propria
649 1346 686 1385 &
704 1345 889 1397 lampyris
919 1345 1111 1383 coccinea
1137 1346 1213 1384 erit
1239 1345 1360 1384 nobis

473 1398 510 1435 le
543 1399 924 1448 ver-luislznt-rouge
940 1426 953 1443 ‚
982 1397 1079 1438 teste
1110 1397 1167 1438 D.
1186 1400 1230 1438 de
1254 1397 1355 1442 Geel·

471 1452 585 1505 cujus
613 1453 717 1494 desc.
745 1453 954 1497 convenit.
981 1454 1035 1493 V.

88 1559 305 1602 coccinea.
331 1570 374 1615 7.
402 1563 447 1602 L.
495 1563 514 1612 (
542 1561 781 1612 l’eca'rlate)
814 1562 928 1616 nigra
949 1592 961 1611 ‚
994 1561 1162 1602 thorace
1187 1562 1353 1616 ertris-

470 1629 548 1667 que
576 1617 825 1671 sanguineis,
855 1617 996 1670 elytris
1026 1617 1180 1657 striatis.
1213 1620 1232 1638 ⁴*
1259 1629 1291 1659 t.
1313 1629 1358 1659 2..

414 1671 498 1766 Des
511 1681 640 1776 ἐεῖν,
672 1726 850 1781 lampyre
874 1736 915 1778 4.
942 1729 1038 1767 tom.
1064 1736 1103 1779 4.
1125 1743 1166 1778 p.
1193 1737 1261 1782 47.

417 1780 541 1833 Geoffi
576 1781 613 1822 le
643 1781 1055 1835 ver-luisant-rouge.

413 1835 508 1875 Fab.
536 1838 767 1889 pyrochroa
803 1848 819 1876 1
841 1867 853 1886 ‚
879 1837 946 1876 sed
973 1850 1056 1876 non
1081 1837 1175 1877 rite.

415 1890 517 1929 Hah.
546 1892 585 1929 in
614 1895 786 1945 Europa.
815 1895 859 1932 In
884 1891 1028 1932 Gallia.

415 1944 530 1995 Dese.
549 1946 750 1986 Simillima
767 1947 884 1999 lamp.
902 1946 1124 2001 sanguineae
1150 1946 1216 1987 sed
1235 1947 1356 2000 duplo

470 2000 610 2051 major.
652 1999 842 2041 leoracis
882 2001 1046 2055 clypeus
1081 2001 1357 2052 orbiculatas,

472 2068 547 2094 nec
577 2064 812 2110 tetragonus
841 2055 907 2096 est.
934 2057 1080 2109 Elytra
1110 2069 1194 2098 non
1226 2057 1362 2100 striata

469 2107 558 2149 sunt
586 2111 625 2149 in
655 2111 734 2151 illa.
767 2111 894 2152 Faun.
923 2120 1023 2165 705.

512 2219 578 2259 Ex
607 2220 688 2272 lust.
718 2222 790 2272 ins.
814 2222 937 2274 paris.

91 2325 332 2380 Hemiptera.
361 2326 402 2368 8.
435 2330 483 2369 L.
516 2331 536 2380 <
560 2330 806 2385 l'hemiptere
831 2333 851 2383 )

419 2382 517 2423 Hah.
549 2387 588 2424 in
618 2387 760 2426 Gallia.

420 2438 488 2477 An
507 2438 680 2492 species?
709 2455 761 2487 an
784 2443 959 2485 varietas
977 2442 1095 2498 lamp.
1121 2444 1354 2490 noffilucae?
