1633 2815
176 156 434 199 [usuca-A
462 150 884 192 COLEOPTERA.
913 148 1118 194 Curculio.
1199 158 1276 207 195

337 258 453 312 Dese.
503 258 651 311 Corpus
702 269 832 301 totum
876 267 1018 300 atrum.
1081 258 1283 299 Antennae

392 317 506 369 apice
541 315 761 368 subpilosae.
802 313 964 354 Thorax
994 315 1145 368 punffls
1175 328 1284 355 con-

391 370 506 411 fertis
529 401 541 420 ,
574 371 777 411 excavatis
798 401 810 418 ‚
838 370 989 422 opacis.
1015 370 1162 422 Elytra
1187 382 1285 421 pro-

393 424 516 466 funde
570 424 713 465 striata.
757 424 994 476 Magnitudo
1039 424 1125 465 fere
1172 437 1283 466 curc.

395 481 554 522 abietis.
584 478 710 520 Faun.
740 480 834 532 614.

71 590 239 635 Abietis.
267 602 334 648 91.
363 592 412 631 C.
458 593 478 643 (
512 591 564 629 du
605 589 715 642 sapin
754 591 772 640 )
812 589 1060 642 longirostris
1089 619 1102 638 ‚
1146 588 1286 642 elytris

399 644 516 686 fuscis
545 659 554 684 :
588 643 717 684 fasciis
744 644 895 684 duabus
920 644 1135 685 linearibus
1159 646 1288 684 inter-

401 701 529 753 ruptis
557 695 722 752 griseis,
751 697 969 739 femoribus
999 699 1184 738 dentatis.
1214 701 1235 719 '²

344 755 402 796 It.
429 755 493 795 αἱ.
521 754 588 794 26.
622 753 803 794 curculio
839 753 1052 793 subfuscus.

343 811 434 851 Pet.
465 823 548 861 gaz.
579 817 644 859 14.
675 820 706 849 t.
727 807 766 848 8.
785 810 826 863 f.
848 818 887 862 9.
907 808 1087 850 curculio
1109 809 1291 850 Norwe⁴

401 865 528 919 gicus.

346 919 490 961 Enum.
523 929 618 959 211.

345 973 470 1028 Geoffi
502 970 725 1015 charenson
756 974 875 1029 tigre}-

349 1030 413 1071 De
445 1028 574 1078 Geer,
609 1040 645 1070 Ι.

347 1084 503 1139 Schaeffi
535 1086 633 1125 icon.
667 1096 698 1125 t.
726 1090 793 1135 25.
817 1086 859 1139 Γ.
891 1093 928 1126 1.

351 1139 448 1181 Fab.
477 1138 543 1192 84.

350 1194 452 1236 Hah.
483 1196 521 1235 in
553 1195 640 1235 Pini
673 1195 854 1235 filveflris
884 1196 1038 1237 cortice
1077 1197 1116 1238 ὅ(
1156 1196 1297 1239 refina:

411 1249 554 1291 Similis
585 1263 692 1290 cure.
719 1252 802 1303 pini
826 1250 893 1291 sed
920 1252 1081 1294 dimidio
1099 1254 1239 1305 major.

349 1305 466 1356 Dese.
520 1305 667 1346 Versus
714 1305 830 1345 anum'
879 1306 996 1346 valde
1046 1308 1205 1359 gibbum
1243 1305 1300 1348 est

410 1360 606 1399 abdomen
640 1373 662 1399 a
688 1370 819 1412 tergo.
842 1361 1134 1400 Animalculum
1172 1373 1300 1400 toturn

407 1427 433 1454 e
466 1412 780 1467 griseo-nigrum
802 1428 812 1463 3
846 1423 976 1454 totum
1002 1428 1145 1467 corpus
1166 1444 1175 1460 ,
1205 1417 1301 1456 ros-

408 1476 516 1507 trum
533 1497 546 1516 ‚
578 1466 750 1517 thorax,
778 1475 912 1521 ‘eiyrra
938 1472 976 1508 &
1003 1473 1123 1521 pedes
1148 1473 1302 1523 punciis

413 1521 671 1562 minutiffimis
692 1524 891 1576 contiguis
911 1527 1128 1564 excavatis.
1155 1527 1302 1580 Signa-

416 1585 519 1616 turae
561 1576 701 1628 aliquae
742 1577 923 1617 testaceae
962 1579 1003 1617 in
1042 1579 1206 1621 thorace
1252 1594 1303 1622 ex

416 1630 524 1670 villis
553 1632 808 1681 tenuiffimiss,
836 1631 976 1672 similes
1005 1634 1124 1673 etiam
1152 1636 1190 1673 in
1212 1635 1305 1675 for-

415 1699 517 1725 marn
550 1685 755 1726 fasciarum
795 1688 959 1727 duarum
993 1689 1305 1732 transversat-um.

411 1740 606 1781 linearum
623 1769 636 1787 ,
661 1755 825 1794 quarum
844 1756 930 1794 quae
950 1743 1108 1784 thoraci
1138 1748 1307 1798 propior

415 1797 466 1835 ad
505 1795 679 1836 suturam
709 1798 931 1850 elytrorum
971 1799 1193 1853 interrupta
1220 1801 1273 1841 est
1292 1815 1310 1841 :-

416 1860 680 1890 antennarum
724 1854 856 1905 apices
892 1852 1123 1894 flavescunt.
1167 1856 1308 1895 Simil-

417 1903 533 1945 limus
562 1920 671 1947 cure.
699 1906 781 1959 pini
808 1907 874 1947 sed
900 1908 1056 1962 major,
1081 1923 1156 1950 nec
1177 1909 1309 1951 fasciae

424 1958 649 2013 elytrorum
678 1963 780 2002 adeo
815 1962 1017 2017 regulares
1037 1994 1051 2014 ‚
1091 1964 1158 2004 sed
1183 1967 1310 2020 magis

424 2011 517 2054 huic
547 2014 735 2056 confusae.
765 2016 893 2057 Faun.
931 2016 1020 2072 589.

368 2067 498 2108 Larva
523 2079 609 2109 rete
643 2070 918 2124 subglobosum
952 2074 995 2114 in
1027 2073 1134 2115 foliis
1172 2078 1309 2127 texit,

425 2122 530 2163 intra
564 2125 671 2177 quod
696 2135 886 2168 mutatur.

46 2235 276 2279 Germanus.
301 2241 368 2288 92.
395 2231 445 2273 C.
481 2235 499 2286 (
524 2231 763 2277 l'Allemand
791 2237 810 2287 )
840 2219 1087 2293 longit-ostris
1105 2268 1116 2286 ,
1140 2239 1310 2282 femori-

425 2288 498 2329 bus
509 2288 753 2331 subdentatis
763 2321 777 2341 ‚
789 2305 963 2345 corpore
973 2325 986 2344 ,
999 2305 1126 2335 ovato
1138 2325 1150 2346 ,
1166 2297 1283 2350 nigro
1295 2326 1309 2348 ,

426 2345 576 2396 punffis
606 2345 788 2387 testaceis
816 2347 1011 2402 adsperso.

377 2394 499 2450 Geoffl
525 2398 745 2445 charenson
771 2403 793 2442 ὲ
817 2404 1254 2499 corcelethouronnc.

376 2462 382 2469 .
1068 2472 1095 2509 η
