1687 2799
307 158 564 197 InsEcTA
594 153 1240 207 COLEOPTERA.Byrrhus.
1353 154 1411 209 71'

469 259 593 313 Geoffi
629 260 756 302 Anth.
797 272 1013 301 amourette
1033 289 1048 309 ,
1087 261 1131 300 de
1171 259 1270 302 Geer
1306 263 1414 313 teste.'

521 317 599 356 Sed
624 315 804 368 sequens.

465 369 566 410 Hah.
586 371 624 409 in
644 371 794 412 Museis
809 403 820 421 ,
848 371 990 412 infesta
1008 371 1178 423 avesque
1195 371 1414 416 destruens.'

469 425 614 466 Similis
655 428 898 480 praecedenti
932 457 945 477 ‚
988 426 1056 467 sed
1098 427 1227 466 minor
1268 427 1412 480 absque

522 480 656 520 sutura
681 482 812 522 rubra.

467 535 583 586 Dese.
634 538 741 576 Tota
774 538 885 594 nigra
918 535 972 577 est
1013 536 1098 577 haec
1145 537 1324 589 species,
1360 550 1412 578 ex

522 591 676 643 punffis
701 592 770 631 vix
794 591 1015 641 conspicuis
1044 621 1056 640 ‚
1087 590 1206 632 fuscisv
1237 593 1275 632 &
1312 591 1414 631 albis

520 645 708 685 nebulosa
736 645 847 684 fasta.
873 644 1038 684 Thorax
1065 647 1251 698 utrinque
1275 645 1413 686 versus
1484 649 1488 653 ”

519 699 626 738 basin
675 699 868 739 maculam
919 698 1046 738 albam
1095 698 1173 739 fert
1202 731 1214 750 ,
1253 702 1291 741 &
1331 703 1412 740 duo

520 754 663 806 pumsta
692 754 780 793 alba
809 753 961 805 majora
997 753 1038 791 in
1076 755 1206 793 medio
1245 755 1414 808 elytro-

523 822 641 853 rum‚
671 809 711 848 in
737 808 890 862 singulo
923 809 1113 857 unicum3
1154 807 1289 847 subtus
1326 818 1414 848 tota

521 862 702 910 albicat,
750 863 897 903 thorax
921 892 935 909 ,
979 870 1098 915 caput
1140 864 1178 903 &
1223 872 1411 905 antennae

520 919 649 972 nigra.
678 918 805 959 saun.
836 929 932 971 439.

142 1030 342 1074 Verbasci.
374 1039 412 1083 3.
447 1031 493 1070 Β.
530 1030 548 1080 (
575 1029 626 1067 du
660 1028 844 1069 bouillon
875 1028 993 1070 blanc
1019 1029 1038 1078 )
1079 1028 1209 1071 fuscus
1228 1058 1241 1077 ‚
1272 1026 1413 1080 elytris

525 1082 652 1123 fasciis
682 1085 807 1124 tribus
833 1083 1033 1125 undulatis
1063 1084 1235 1138 pallidis.

473 1139 570 1180 Fab.
604 1138 731 1180 Anth.
760 1150 802 1192 4.

473 1192 595 1246 Geoffi
627 1205 666 1234 2.
701 1195 848 1234 Anthr.
877 1205 1110 1234 amourette.

472 1248 571 1288 Hah.
601 1249 646 1288 in·
670 1250 875 1291 Verbasco
906 1251 944 1290 &
970 1247 1207 1302 pimpineilae
1234 1248 1416 1288 floribus:-

472 1302 633 1344 Thorax
657 1304 807 1357 postice
837 1305 1019 1359 pallidus.
1043 1305 1168 1346 Frons
1197 1305 1324 1358 nigra.

198 1414 337 1457 mula.
363 1424 405 1466 4.
432 1415 477 1454 Β.
519 1415 538 1464 (
563 1413 698 1466 pilulle
723 1415 742 1463 )
784 1413 914 1454 fuscus
943 1445 959 1464 ,
1010 1414 1152 1468 elytris
1184 1412 1283 1453 striis
1317 1412 1414 1452 atris

529 1469 779 1519 interruptis-⁷

475 1521 601 1562 Faun.
624 1523 729 1571 fitec.
760 1531 857 1574 427.
900 1521 1128 1562 Dermestes
1166 1520 1416 1563 tomentosus

532 1585 678 1615 ovatus
702 1575 813 1616 fusco
842 1576 1071 1616 nebulosus.

473 1629 568 1669 Fab.
598 1632 642 1669 Β.
676 1640 712 1669 1.

473 1684 537 1724 De
575 1682 674 1723 Geer
692 1714 706 1732 ,
736 1687 875 1725 Derm.
906 1684 946 1726 8.

478 1737 603 1791 Geoffi
627 1740 666 1780 la
696 1739 827 1780 cistele
856 1739 1021 1781 satine'e.

473 1793 627 1848 Schaeffi
660 1795 771 1835 elem.
804 1806 835 1834 t.
863 1802 931 1847 45.

605 1851 704 1891 icon.
732 1861 763 1890 t.
794 1858 860 1904 95.
889 1852 929 1904 f.
959 1861 997 1904 3.

475 1904 574 1945 Hah.
608 1906 647 1944 in
681 1907 854 1958 Europa.
885 1908 931 1945 In
965 1905 1109 1947 Gallia.

468 1961 604 2000 Genus
637 1974 727 2001 cum
761 1961 1077 2013 praecedentibus
1114 1961 1217 2001 idem
1248 1961 1416 2002 suadent

526 2014 684 2054 habitus
709 2016 747 2055 ὅ(
773 2015 921 2057 femora
940 2046 954 2067 ,
980 2016 1074 2057 licet
1100 2025 1284 2056 antennae
1309 2028 1418 2056 non-

531 2069 632 2109 nihil
658 2069 855 2111 differant.

478 2123 570 2174 Obs.
601 2123 807 2178 singulare
853 2125 1038 2166 infectum
1079 2125 1342 2180 ambagiosum
1375 2125 1415 2166 &

524 2179 673 2232 infigne
712 2194 721 2219 ε
766 2179 900 2220 forsan
943 2195 1067 2235 genus
1114 2182 1316 2234 proprium
1368 2189 1414 2219 ut

532 2242 646 2286 putat
671 2233 727 2273 D.
759 2234 881 2288 Geoff.

476 2288 591 2339 Dcfi.
622 2289 848 2344 Descriptio
880 2291 1133 2344 Linn.,forte
1163 2290 1417 2331 insufficiens.

531 2347 591 2384 Ex
610 2357 675 2396 op.
692 2344 749 2385 D.
766 2346 810 2384 de
837 2344 937 2385 Geer
956 2347 1112 2387 sumam.
1131 2348 1253 2398 Supra
1270 2347 1414 2397 nigro-2

534 2398 782 2454 ferrugineus
819 2414 908 2445 cum
938 2398 1108 2444 mixtura
1141 2401 1416 2442 viridi-aenea,

1096 2458 1128 2496 E
1156 2457 1198 2496 iv
