1633 2815
247 122 507 169 IN-ssscrA
536 117 947 158 CozEOPTERA.
976 113 1191 160 Forficula.
1263 121 1346 171 427

414 228 570 282 Schaeffi
604 228 705 269 icon.
735 239 767 269 t.
799 238 868 282 41.
893 229 932 283 f.
962 238 1027 270 12.
1054 238 1120 283 13.

410 285 554 325 Enum.
581 285 677 336 456.

404 339 525 380 Miill.
557 339 643 380 Lin.
677 338 780 381 Nat.
811 339 860 379 cl.
892 350 938 380 V.
962 356 1004 391 p.
1036 336 1130 393 398.

407 395 503 436 Fab.
568 425 576 435 .

406 450 506 489 Hah.
536 405 574 489 z3tz
603 453 774 503 Europa.
802 453 846 490 In
873 449 1014 490 Gallia.

408 505 524 555 Desc.
563 507 741 545 Dimidio
780 506 910 545 minor
945 504 998 545 est
1032 504 1117 545 haec
1164 503 1314 557 species
1334 531 1350 552 ,

465 559 606 601 colore
637 560 835 601 castaneo.
877 559 1004 612 Caput
1042 561 1078 600 &
1110 559 1253 598 tlzorax
1281 560 1351 599 ni·-

462 615 671 670 gricantia.
707 615 853 667 Elytra
887 616 925 655 &
954 615 1031 655 alae
1072 617 1089 666 (
1117 629 1203 667 quae
1236 628 1352 655 com-

461 669 619 723 plicatae
664 670 776 723 apice
827 670 1055 721 prominent
1085 673 1102 716 )
1151 670 1346 711 castanea.

460 724 667 763 Abdomen
711 723 946 764 castaneum.
1000 723 1165 774 Forceps
1215 726 1351 764 caudae

463 779 647 818 erefflor.
677 777 877 816 Antennae
906 789 935 816 x
964 786 1118 817 tantum
1148 779 1351 829 articulis,

463 846 546 872 non
588 845 688 873 vero
718 844 805 873 xlv
825 863 837 881 ‚
870 833 928 872 uti
959 834 1201 885 praecedens.
1223 833 1349 872 Pedes

460 888 500 928 ὅ(
522 889 708 927 abdomen
729 888 862 928 subtus
878 887 1101 942 pallidiora.
1117 886 1351 930 Faun.861.

517 998 578 1038 Ex
600 1000 704 1050 spec.
736 998 793 1040 D.
821 998 917 1039 Fab.

85 1108 389 1163 2.Pun<5lata.3.
419 1110 464 1149 F.
488 1111 519 1161 ,(
543 1109 580 1150 le
613 1109 823 1162 ponstue)
853 1110 967 1165 nigra
985 1140 997 1160 ‚
1031 1110 1162 1163 capite
1203 1108 1352 1163 postice

463 1164 704 1217 pedibusque
731 1164 825 1205 rufis
846 1194 858 1212 ,
889 1165 1029 1219 elytris
1064 1163 1217 1206 macula
1247 1164 1350 1204 alba.

409 1218 594 1315 flag-nstin
608 1220 769 1316 Vltalia.
819 1220 899 1261 Dr.
936 1220 1111 1261 Allioni.
1151 1223 1198 1261 In
1224 1219 1355 1260 Gallia

562 1383 625 1423 Ex
653 1385 742 1434 nost.
772 1383 877 1435 Mus.

114 1490 304 1534 Maxima.
335 1502 375 1545 4.
407 1495 452 1533 F.
486 1493 569 1545 (le
605 1504 779 1550 patagon
823 1496 841 1545 )
896 1505 984 1536 tota
1039 1496 1182 1550 pallide
1229 1496 1354 1537 testa-

467 1563 539 1589 cea
556 1579 569 1598 ‚
605 1551 814 1590 abdomine
854 1550 956 1591 infra
982 1552 1019 1592 ὅτ
1049 1553 1160 1605 supra
1186 1552 1353 1592 obscure

472 1603 563 1644 rufo
581 1633 594 1650 ,
622 1618 699 1645 ano
721 1605 904 1645 dentibus
920 1616 1088 1647 armato.
1117 1618 1147 1646 t.
1165 1618 1204 1646 2.
1223 1608 1264 1660 f.
1288 1614 1358 1660 535

414 1658 513 1698 Hah.
544 1661 582 1698 in
610 1661 833 1701 Occitania.

411 1713 525 1763 Dese.
560 1715 837 1755 Antennarum
857 1716 1014 1757 articuli
1033 1717 1137 1757 ultra
1169 1718 1344 1771 viginti,

467 1769 602 1822 pallidi
645 1772 703 1810 uti
750 1773 883 1823 pedes.
929 1772 1093 1824 forceps
1147 1773 1188 1812 in
1220 1774 1352 1813 medio

467 1825 588 1864 dente
615 1825 757 1866 obtuso
782 1836 952 1866 armatus
973 1828 1053 1878 est,
1082 1830 1119 1869 ὅ(
1139 1827 1352 1869 secundum

467 1878 758 1933 longitudinem
810 1881 993 1922 serratus.
1062 1883 1178 1922 Anus
1239 1893 1353 1936 parte

467 1932 668 1985 squamosa
709 1935 792 1976 fere
836 1939 1025 1989 quadrata
1077 1939 1310 1979 terminatus
1339 1969 1353 1988 ‚

473 2001 525 2028 ex
561 1989 672 2042 cujus
698 1992 828 2030 medio
855 1992 1067 2033 nascuntur
1097 1996 1236 2033 dentes
1266 1995 1354 2033 cluae

472 2053 599 2083 acutae
644 2046 848 2097 aequaliter
901 2047 1085 2088 distantes
1117 2049 1165 2088 ab
1194 2050 1350 2103 origine

472 2096 649 2151 forcipis.
677 2100 788 2141 Forf.
820 2101 961 2153 majori
990 2104 1116 2144 multo
1147 2104 1322 2158 longior.

417 2151 508 2202 obs.
547 2156 655 2195 Inter
700 2156 843 2196 insecta
888 2157 1104 2211 hemiptera
1148 2158 1351 2200 forficulas

469 2207 773 2251 collocaverunt
805 2212 854 2252 cl.
873 2212 974 2253 DD.
994 2215 1038 2254 de
1070 2214 1167 2253 Gecr
1195 2216 1231 2256 ὅ(
1255 2215 1353 2257 Fab0

475 2264 552 2303 Sed
572 2279 646 2307 nec
669 2283 714 2306 os
738 2281 815 2308 nec
833 2269 990 2318 rostrum
1010 2270 1196 2310 inflexum
1214 2270 1352 2312 versus

471 2320 604 2372 pet‘lus
644 2336 718 2364 nec
748 2322 870 2366 facies
898 2324 1224 2381 hemipterorum.
