1633 2815
268 82 350 140 266.
486 81 736 135 JNSEc‘rA
765 82 1135 131 HEnnPTzRA.
1164 80 1332 138 Thsips.

709 191 774 232 Ex
796 193 898 245 spec.
929 193 988 235 D.
1020 194 1118 236 Fab.

315 345 318 349 ,
393 302 515 354 Ulmi.
553 309 588 352 ς.
620 305 673 344 Τ.
706 306 724 355 (
750 305 799 346 de
826 303 968 346 l’orme
993 307 1012 358 )
1042 307 1157 361 nigra
1176 336 1188 356 ,
1216 304 1288 345 alis
1318 305 1449 346 niveis
1482 306 1550 355 cis-2,

650 359 756 400 liatis
775 390 789 409 ‚
820 373 900 402 ano
927 363 1170 402 acuminato.

594 415 659 456 De
696 413 797 456 Geer
824 427 920 456 tom.
953 426 992 469 3.
1021 434 1064 469 p.
1088 427 1153 458 11.
1188 429 1218 456 t.
1242 427 1279 457 I.
1300 417 1340 469 f.
1366 415 1506 469 8.-13.

602 469 727 524 Geoff.
751 482 788 512 1.
817 483 847 511 t.
867 470 960 525 384.
989 488 1031 513 η.
1050 484 1090 512 2.
1116 483 1147 513 t.
1165 473 1267 527 7..f.
1287 472 1325 512 6.
1346 473 1413 512 An
1430 471 1545 512 haec?

652 527 722 565 An
749 526 972 579 juniperina
990 531 1006 566 ἲ

592 580 694 623 Hah.
724 583 765 626 in,
794 582 889 623 ulmi
917 581 1137 625 corticibus
1170 583 1369 638 gregaria.

786 694 852 733 Ex
883 694 1031 736 Enum.

379 802 520 846 Flava.
551 802 592 845 6.
621 804 674 844 T.
719 806 737 856 (
773 803 811 844 le
853 804 971 857 jaune
1008 807 1026 857 )
1074 804 1146 846 alis
1193 804 1382 855 albidis,
1420 803 1549 847 oculis

596 859 726 899 rubris
754 861 990 901 nitentibus.

593 915 736 967 Beytr.
769 914 864 956 Zur.
902 916 1008 957 Nat.
1031 934 1074 967 p.
1108 929 1172 970 31.

593 969 695 1008 Hah.
718 970 757 1008 in
776 970 922 1022 plantis
954 973 1076 1010 variis
1098 1000 1109 1017 ,
1138 971 1236 1012 folia
1263 970 1539 1023 frequentans.

595 1024 684 1074 Obs.
700 1026 829 1065 Larva
843 1025 1021 1080 oblonga
1038 1057 1049 1075 ‚
1065 1026 1171 1066 flava
1189 1057 1201 1075 ‚
1227 1026 1330 1079 saepe
1346 1028 1387 1066 in
1406 1028 1547 1070 eadem

650 1093 740 1121 cum
768 1080 974 1122 declarato
997 1081 1146 1126 infesto
1172 1081 1323 1136 planta.

264 1191 526 1235 Teucanthe-
549 1201 591 1245 7.
617 1192 668 1231 T.
705 1193 722 1242 (
752 1193 803 1231 du
833 1191 1113 1233 leucantheme
1143 1191 1369 1247 vulgaire)
1401 1192 1543 1246 nigra²

288 1249 357 1288 mi.
650 1246 722 1285 alis
764 1246 904 1287 albidis
926 1278 938 1295 ‚
988 1248 1095 1288 tibiis
1139 1249 1274 1288 antice
1321 1247 1556 1301 compreffis,

652 1301 827 1341 dilatatis
845 1333 858 1352 ‚
892 1302 1006 1343 albis.

594 1357 710 1407 Scop.
735 1357 833 1410 418.

594 1413 697 1461 Hah.
718 1414 757 1453 in
777 1413 992 1469 polygono
1004 1414 1214 1455 Tatarico.
1241 1416 1285 1454 In
1308 1412 1409 1454 flore
1426 1413 1548 1467 chry-.

649 1468 844 1510 santhemi
871 1469 1142 1511 leucanthemi
1165 1469 1323 1511 invenit
1351 1468 1403 1510 cl.
1428 1468 1544 1521 Scop⁴

279 1579 516 1635 Melanopa.
547 1579 586 1621 8.
617 1582 668 1621 T.
702 1584 719 1634 (
749 1580 788 1622 le
822 1581 1063 1635 me'lanope)
1082 1582 1216 1631 flava,
1250 1580 1377 1622 oculis
1406 1581 1545 1633 nigriS.

594 1636 696 1676 Hab.
743 1637 783 1675 in
825 1637 990 1676 floribus
1042 1636 1352 1677 semiflosculofis
1381 1665 1394 1682 ,
1438 1635 1547 1680 socia

650 1691 792 1753 thripip
823 1691 1064 1745 physapodis
1082 1723 1094 1743 ,
1114 1692 1366 1745 ejusdemque
1385 1691 1548 1744 magma,
1624 1690 1627 1693 ⁴

649 1747 813 1786 tudims.

595 1801 685 1852 obs.
702 1813 738 1842 Ι.
753 1801 925 1855 Thripes
939 1802 1062 1843 larvis
1074 1802 1151 1843 suis
1167 1816 1251 1842 non
1266 1801 1432 1841 multum
1448 1801 1554 1843 abst...

648 1856 789 1908 miles,
818 1858 885 1897 nisi
914 1861 1021 1911 quod
1043 1859 1124 1898 alas
1144 1858 1342 1906 habeant,
1370 1859 1545 1898 adcura-

648 1923 730 1953 tam
743 1926 764 1952 a
774 1914 936 1954 curiosis
946 1914 1270 1955 observationem
1280 1913 1347 1953 fibi
1360 1911 1544 1966 poscunt.

648 1968 876 2009 Numerosa
890 1967 1052 2011 fortaffe
1066 1983 1180 2025 gens,
1195 1983 1270 2010 nec
1288 1978 1420 2008 tamen
1439 1983 1488 2008 ex
1502 1981 1552 2011 ea

648 2024 785 2078 plures
801 2055 814 2073 ‚
845 2026 953 2077 quod
979 2025 1123 2072 sciam,
1147 2038 1262 2078 quam
1289 2026 1425 2065 decem
1454 2023 1547 2077 spe-

650 2081 734 2120 cies
767 2082 948 2121 detecffae.
976 2083 1054 2122 Rei
1089 2080 1206 2133 hujus
1230 2080 1345 2120 causa
1371 2079 1450 2132 ipsa
1481 2080 1547 2119 ina.

648 2136 741 2175 [effi
772 2145 915 2177 natura
950 2136 1004 2176 est
1023 2167 1035 2186 ,
1077 2139 1184 2190 quod
1225 2137 1264 2175 in
1294 2147 1435 2187 campo
1465 2135 1545 2174 mi-

652 2191 865 2243 croscopio
911 2190 1051 2243 subjici
1106 2192 1276 2244 nequit3
1331 2189 1397 2229 ubi
1442 2203 1547 2230 vero

649 2246 748 2288 illud
786 2249 945 2286 domum
989 2256 1097 2286 tuam
1135 2246 1291 2287 deferre
1334 2245 1545 2291 volueris,

648 2302 756 2342 mille
792 2302 951 2342 invenit
997 2303 1194 2342 evadendi
1233 2303 1333 2342 vias,
1382 2303 1541 2340 Interea

649 2359 789 2400 decem
815 2357 887 2397 has
914 2357 1089 2411 species,
1118 2359 1156 2399 ὃς
1181 2357 1207 2398 si
1236 2356 1342 2398 forte
1370 2356 1408 2396 id
1435 2368 1541 2397 con-
