1687 2799
261 117 347 171 xiv
463 109 1318 186 PRAELOQUIUM.

325 193 454 267 Quo
466 196 642 260 majori
657 196 714 250 fit
727 197 964 264 hocopus
979 197 1204 260 utilitati,
1221 194 1533 267 compendio

259 278 649 346 Philosophiam
675 276 805 330 Ent.
831 279 931 332 feci
947 280 1285 347 quosdamque
1301 281 1380 334 D.
1395 275 1528 337 Fal).

258 382 481 419 canones
508 361 820 423 enunciavi„
841 384 906 418 ne
928 379 1140 429 tyrones
1158 409 1171 432 ,
1208 366 1261 421 vi
1292 364 1532 431 systema-

257 447 357 501 tica
415 445 584 512 rapti,
651 466 840 500 novam
893 450 1195 504 methodum
1244 447 1530 504 faciliorem

254 531 498 596 credant,
535 529 600 585 ne
641 553 775 588 nova
809 553 999 600 genera
1033 533 1314 600 promptius
1349 532 1532 588 admit-

252 628 388 678 tant,
413 633 477 668 ne
499 613 706 668 nomina
725 613 941 668 trivialia
957 612 1226 669 infeliciter
1242 614 1534 681 imponant,

251 718 318 753 ne
356 698 631 752 varietates
664 696 945 764 specierum
988 696 1135 751 laude
1177 695 1331 763 gratis
1366 697 1531 752 deco-

253 796 450 841 ranteS,
488 781 680 848 species
715 801 876 836 novas
911 780 1060 835 citius
1097 780 1333 837 offerant.
1368 782 1536 837 Addi-

254 865 457 932 tiones,
501 866 866 933 descriptiones
889 909 904 932 ‚
951 865 1341 921 emendationes
1380 883 1530 920 novae

256 950 526 1020 Matztfflae
547 949 776 1006 illustriss.
803 946 956 1003 Fabr.
981 966 1066 1005 aut
1096 951 1148 1006 in
1171 947 1380 1017 proprio
1411 950 1532 1002 loco

253 1035 596 1102 reperientur,
613 1033 770 1088 autin
789 1033 1066 1100 appendice
1086 1048 1207 1086 tom·
1226 1053 1272 1098 4.
1289 1030 1531 1098 quidquid
1550 1043 1559 1048 “
1598 1087 1605 1093 ,

254 1117 409 1184 igitur
445 1120 510 1173 ab
545 1117 906 1184 Entomologis
942 1116 1096 1172 hodie
1128 1116 1391 1184 cognitum
1423 1113 1534 1177 est,

255 1200 675 1268 Entomologiam
715 1202 1050 1254 Linnaeanam
1085 1197 1371 1255 exornabit.

319 1283 569 1338 Insecfftum
641 1282 806 1338 rarius
879 1278 1284 1347 uniuscuiusque'
1328 1281 1535 1347 generis

256 1366 311 1422 ἃ
344 1366 722 1434 uniuscujusque
766 1367 969 1436 generis
1011 1367 1313 1423 divisionum
1347 1366 1535 1422 tabulis

254 1450 537 1517 expressum
584 1448 709 1515 fuit;
763 1449 966 1515 generis
1015 1465 1246 1504 antennae
1289 1447 1536 1503 infestum

254 1531 602 1596 comitantum
635 1552 703 1586 eo
732 1532 1111 1597 Entomologiae
1144 1531 1363 1585 studium
1405 1531 1537 1586 faci-

255 1611 351 1670 lius
367 1612 728 1666 evadet.Licet
745 1611 1070 1677 diversae,sub
1091 1613 1278 1668 eodem
1297 1613 1507 1683 nomine
1520 1655 1537 1678 ,

254 1696 449 1762 species
484 1696 536 1752 in
571 1695 726 1751 variis
757 1695 1001 1762 operibus
1040 1717 1146 1752 non
1187 1719 1309 1753 raro
1342 1698 1539 1753 descri-

255 1784 476 1841 bantur,
514 1799 705 1835 nomen
742 1777 940 1833 triviale
977 1799 1080 1834 non
1120 1779 1214 1834 fuit
1248 1797 1496 1836 mutatum
1518 1822 1537 1842 ,

258 1886 323 1923 ne
354 1885 418 1919 ex
451 1866 547 1918 hac
582 1862 864 1917 mutatione
901 1861 1133 1917 confusio
1168 1862 1410 1920 oriretur.

323 1946 648 2012 Coleoptera
686 1944 1090 2012 Hemipteraque
1132 1964 1269 2001 nova
1317 1966 1537 2001 enume-

263 2031 459 2092 rando,
525 2030 994 2096 Entomologorum
1057 2027 1424 2095 descriptiones
1485 2028 1537 2085 in

255 2114 425 2182 primo
461 2111 724 2169 volumine
772 2132 878 2167 non
928 2109 1111 2166 additae
1155 2112 1397 2177 fuerant3
1448 2113 1536 2167 sed

261 2217 378 2253 cum
407 2198 511 2252 sola
541 2194 804 2261 diagonofi
839 2193 1033 2260 species
1056 2214 1160 2249 non
1181 2194 1331 2249 facile
1357 2195 1534 2250 deter-

259 2280 514 2336 minantur
548 2276 731 2344 D-que
763 2271 891 2330 Fab.
927 2275 1290 2343 descriptiones
1324 2298 1446 2333 mox
1484 2278 1537 2339 in

265 2359 658 2432 Encomologia,
691 2380 830 2435 mox·
862 2358 915 2415 in
958 2357 1121 2427 prima
1142 2357 1376 2428 Montis?
1417 2374 1538 2414 mox
