1687 2799
350 107 1222 181 PRAELOQUIUM.
1380 133 1450 171 xv

165 188 220 249 in
240 191 527 261 Speciebus
545 232 558 255 ,
596 215 718 250 mox
742 194 794 251 in
820 193 1235 262 Appendicibus,
1259 217 1379 254 mox
1398 199 1451 255 in

163 280 378 335 secunda
435 278 669 346 Masztisl
732 280 1088 347 reperiuntur,
1150 280 1448 338 defideratae

160 360 366 416 fuerunt
400 380 732 428 quartumque
777 364 1018 417 volumen
1055 361 1427 426 illustrabunt„

225 441 363 514 Quae
377 444 596 502 Galliam
611 445 839 502 habitant
857 447 1042 503 inse-<fla
1055 485 1072 510 ,
1088 449 1273 516 duplici
1288 449 1448 504 modo

108 536 111 539 '
157 525 384 584 indicata
406 529 516 583 sunt
541 530 711 584 littera
730 532 796 587 V.
816 532 899 585 vel
922 531 958 584 I
957 535 1031 600 ns
1035 532 1199 598 parts
1218 530 1449 598 Eat-que

149 612 317 679 paris:
336 612 680 668 citationibus,
713 613 880 669 Error
906 615 1076 669 forsan
1111 614 1193 669 hic
1220 615 1318 671 erit
1345 619 1451 672 fre-

159 707 346 762 quens3
365 695 569 750 absente
587 692 725 747 enim
742 708 865 748 nota
874 693 1110 760 specifica
1123 693 1275 750 Linn.
1291 697 1448 753 etiam

155 796 276 833 cum
297 775 665 844 descriptiones
687 795 793 831 non
817 776 995 830 desunt
1013 818 1027 843 ‚
1058 774 1444 834 individuorum

153 857 208 915 in
227 859 306 915 his
347 861 595 929 operibus
621 877 1044 918 enumeratorum
1076 860 1138 915 ad
1170 860 1446 922 divifiones

155 941 289 1011 Syst.
358 943 647 1012 ambagiosa
711 942 912 1000 relatio,
979 943 1179 1000 Eadem
1240 951 1446 1014 prorsus

153 1027 415 1084 calamitas
438 1029 489 1084 in
512 1027 794 1086 Carnioliae
817 1027 1218 1095 Entomologia,
1254 1050 1336 1087 ex.
1370 1054 1446 1100 gr.

150 1105 360 1165 Muscas
394 1110 445 1165 in
481 1110 564 1166 M.
597 1108 853 1174 Nobiles,
886 1109 1123 1167 Plebeias
1144 1118 1193 1166 ὅ(
1214 1114 1446 1175 Muticas

152 1189 318 1247 divifit
353 1192 531 1249 clariss.
564 1193 646 1250 D.
679 1190 724 1247 S
730 1212 838 1258 cop.
874 1193 1097 1249 Nobiles
1136 1196 1190 1250 &
1221 1197 1443 1255 Plebeiae

144 1275 259 1330 sunt
295 1278 378 1331 vel
416 1278 652 1343 plumatae
695 1279 778 1332 vel
816 1277 1043 1339 setariae,
1079 1279 1367 1339 differentia
1412 1308 1443 1342 a

153 1372 391 1415 tomento
448 1360 503 1415 &
561 1361 674 1429 pilis
731 1362 966 1430 neglesta
1015 1364 1126 1421 fuit.
1185 1366 1442 1437 Quaedam

152 1439 288 1508 Syst.
329 1463 519 1510 genera
558 1442 807 1498 inutiliter
833 1446 1076 1501 laceravit
1102 1450 1441 1507 meritiffimus

151 1524 287 1586 Vir,
345 1526 440 1581 alia
485 1525 641 1579 etiam
682 1526 879 1580 creavit
915 1547 1020 1592 quce
1040 1565 1055 1589 ‚
1108 1531 1278 1596 nescio
1318 1534 1443 1599 quid

150 1609 342 1678 infiteci
366 1651 384 1672 ,
439 1605 664 1675 produnt
691 1648 707 1672 ‚
772 1611 1045 1673 Anthrax,
1097 1613 1268 1675 Erax,
1335 1615 1437 1674 &a

149 1691 621 1762 Entomologorum
693 1710 938 1762 perpetua
1007 1697 1116 1751 haec
1180 1697 1437 1757 vacillatio

152 1778 374 1835 scientiae
409 1779 617 1836 minime
651 1780 857 1847 profuit.
902 1782 962 1836 In
997 1782 1230 1837 favorem
1263 1783 1435 1841 Ento-

153 1863 433 1930 mologiam
508 1888 685 1923 amore
758 1867 1169 1935 prosequentium
1245 1868 1436 1928 insecta

154 1943 311 1999 Linn.
353 1943 648 2014 incognita,
693 1968 840 2004 more
888 1949 1033 2015 hujus
1082 1951 1175 2005 viri
1210 1950 1433 2010 immor-

151 2028 265 2083 talis
285 2071 299 2095 ,
332 2029 568 2086 ordinare
599 2033 869 2099 plurimum
898 2034 1131 2090 intereffe
1156 2038 1432 2098 arbitratus

155 2109 296 2176 sum;
341 2133 578 2181 magnum
626 2135 753 2182 opus
790 2115 1058 2182 tyronibus
1097 2119 1428 2176 necessarium

148 2191 423 2258 inchoavi,
490 2198 756 2265 perficient
816 2200 1056 2266 Nepotes
1096 2221 1108 2255 z
1172 2201 1210 2255 fi
1278 2204 1427 2262 labor

147 2274 312 2344 utilis,
357 2295 548 2336 metam
597 2283 832 2339 laborum
878 2284 1127 2340 affecutus
1168 2286 1293 2345 sum.
