1687 2799
283 120 365 173 310
420 120 684 163 hisnem
712 117 1136 161 CornoPTmzA.
1164 118 1418 166 Coccinellao'

609 227 765 283 Sclzaeffi
799 228 900 268 icon.
937 242 969 272 t.
1002 240 1042 286 9.
1073 231 1114 286 f.
1144 241 1210 273 12.

607 283 706 323 Fah,
746 291 808 334 55.

608 338 710 378 Hab.
739 340 779 379 in
811 341 985 396 Europa.
1022 345 1067 383 In
1092 343 1237 385 Gallia.
1263 346 1319 387 V.

608 396 773 436 Punsta.
805 405 842 436 1.
875 409 915 438 2.
950 409 990 453 3.
1018 409 1059 439 2.
1089 410 1127 439 1.

277 512 542 557 20.Guttata‚
558 507 629 563 48.
647 508 696 549 C.
729 510 747 560 (
770 508 792 548 ὲ
819 508 936 563 vingt
957 508 1129 558 taches)
1155 509 1375 564 coleoptris
1403 509 1560 554 rubris-¹:

663 565 817 617 punffis
849 564 947 604 albis
973 564 1133 618 viginti.

607 620 673 662 De
704 617 835 670 Geer,
871 630 938 659 22.
965 661 971 668 ¹

606 675 703 715 Fah.
739 673 799 723 56.

606 731 706 771 Hah.
736 731 774 769 in
805 732 980 784 Europa.
1011 731 1057 770 In
1078 730 1219 770 Galliae
1251 731 1412 784 pinetis.
1440 734 1494 773 V.

608 785 726 836 Dese.
760 785 1045 839 Magnitudine
1086 786 1125 826 &
1155 785 1257 826 facie
1289 800 1377 827 cum
1403 801 1562 840 praece-

660 839 849 881 dentibus
866 841 1017 881 duabus
1032 842 1242 882 convenit.
1255 840 1417 881 Thorax
1436 842 1558 882 ruber

663 897 715 936 ad
749 896 968 951 marginem
992 896 1198 937 lateralem
1227 898 1387 950 utrique
1413 897 1564 936 lineola

665 960 829 993 arcuata
859 951 946 991 alba
970 960 1136 991 notatus
1157 981 1169 1000 ,
1200 952 1308 992 inter
1337 953 1408 991 has
1434 951 1565 991 lineo-

662 1007 722 1047 las
762 1020 786 1047 a
819 1016 936 1062 tergo
969 1009 1048 1047 duo
1093 1007 1235 1061 punffla
1275 1006 1363 1047 alba
1404 1008 1562 1047 minora

661 1062 865 1116 superiora
887 1093 898 1114 ‚
942 1063 978 1104 δι
1015 1064 1095 1102 duo
1125 1062 1213 1102 alba
1251 1061 1327 1102 alia
1363 1061 1562 1102 inferiora

662 1117 693 1159 s.
721 1118 866 1172 elytris
902 1118 1092 1172 propiora
1123 1117 1339 1171 paulloque
1372 1117 1525 1170 majora
1553 1131 1563 1157 z

664 1174 708 1214 in
745 1173 898 1228 singulo
924 1173 1059 1228 elytro
1083 1200 1098 1222 ,
1139 1175 1247 1225 quod
1279 1173 1441 1213 rubrum
1475 1171 1563 1219 est,

665 1230 810 1282 punffi’ffi
840 1231 978 1270 decem
1005 1228 1094 1268 sunt
1122 1228 1210 1268 alba
1240 1258 1253 1277 ,
1284 1240 1452 1280 quorum
1483 1229 1566 1267 duo

665 1286 709 1324 in
737 1285 871 1325 medio
913 1284 998 1325 fere
1034 1284 1241 1338 contigua.
1277 1283 1404 1323 Faun.
1443 1290 1537 1336 495.

615 1338 706 1390 Obs.
743 1341 891 1379 Pund‘ta
918 1339 1157 1393 elytrorum.
1199 1350 1240 1379 2.
1278 1350 1318 1380 α..
1364 1348 1402 1393 3.
1438 1348 1478 1378 2.
1526 1348 1565 1378 Ι.

664 1394 808 1436 anticis
838 1394 1025 1447 obliquis.
1057 1397 1106 1435 F.

272 1511 495 1567 oblongo·
518 1517 586 1565 49.
614 1508 663 1548 C.
692 1507 712 1558 (
740 1507 761 1545 ὲ
795 1504 936 1546 taches
963 1500 1462 1569 alongeesjsscoleoptris
1494 1510 1562 1546 ru-

303 1576 478 1623 guttata,
610 1562 744 1657 Fbris
767 1575 775 1599 ε
807 1560 924 1600 lineis
949 1554 1330 1612 punffisque&albis⁰

642 1617 705 1655 ab.
740 1624 755 1662 5
793 1643 802 1653 .

607 1671 672 1712 De
704 1625 832 1718 Οεζν,
863 1679 929 1722 19·

608 1727 725 1777 Scop.
756 1735 853 1776 242.

610 1779 765 1833 Schaff.
791 1781 892 1819 icon.
924 1792 955 1819 t.
981 1789 1020 1833 9.
1045 1781 1086 1834 f.
1121 1790 1185 1821 10.

608 1837 778 1886 Bergstr.
813 1838 1005 1877 nomencl.
1040 1846 1077 1876 Ι.
1113 1847 1143 1876 t.
1179 1845 1218 1889 9.
1241 1836 1282 1889 f.
1313 1834 1354 1878 6.

609 1891 719 1943 Sulz.
753 1892 833 1942 hist.
867 1892 938 1942 ins:
973 1902 1005 1932 t.
1035 1901 1074 1945 3.
1099 1892 1141 1945 f.
1182 1901 1245 1944 14.

611 1948 757 1987 Enum.
797 1957 887 1999 113.

609 2002 729 2043 Mis'll.
760 2001 848 2043 Lin.
882 2000 986 2042 Nat.
1018 2002 1068 2041 cl.
1100 2013 1148 2042 V.
1171 2019 1214 2054 p.
1249 2009 1341 2056 159.

611 2058 711 2098 Hah.
739 2059 779 2097 in
808 2061 982 2112 Europa.
999 2060 1205 2111 Frequens
1219 2061 1265 2098 In
1285 2055 1424 2098 Galliae
1443 2057 1557 2098 Aust.

694 2115 782 2153 inis.
813 2117 867 2154 V.

612 2128 727 2219 Depsc
770 2169 950 2221 Reliquis
979 2168 1161 2209 omnibus
1179 2198 1192 2216 ‚
1221 2166 1336 2221 hujus
1367 2170 1555 2222 generiS‚

667 2224 810 2265 nostris
837 2224 974 2278 paullo
1001 2224 1142 2277 major.
1171 2222 1317 2275 Elytra
1338 2224 1375 2264 &
1396 2222 1434 2262 T
1432 2225 1558 2263 horaz

282 2300 1555 2326 Μ

282 2350 413 2393 Species
434 2346 568 2379 maculis
588 2356 820 2386 nonnumquam
843 2346 970 2375 variant
986 2367 995 2382 ‚
1026 2345 1106 2389 unde
1140 2342 1281 2375 incautis
1302 2344 1415 2384 plures
1446 2350 1560 2378 nume,

330 2401 444 2427 rantur
461 2416 473 2434 ,
489 2392 554 2434 ‘m'fi
578 2391 734 2423 rationem
759 2390 900 2422 thoracis
923 2391 1073 2421 habeant.
