1633 2815
279 108 401 153 656⁴
495 116 841 157 ANALYT·1cA
886 125 954 158 ετ
993 117 1330 162 ΟοΜΡΑῙιΑΤ.

274 204 342 244 sed
382 201 601 244 auxiliante
633 202 789 243 tarsium
829 202 1024 246 methodo
1067 206 1199 247 subito
1234 207 1511 262 separarentur
1535 226 1556 263 ,ς

275 256 617 311 chrysomelarum
657 261 752 313 tarfi
786 272 925 300 omnes
963 261 1141 303 articulis
1173 272 1231 315 43
1275 265 1551 310 tenebriorum

272 315 369 365 tarfi
395 315 540 366 pedum
566 315 786 369 primorum
819 316 856 356 &
885 316 1105 367 mediorum
1137 319 1317 361 articulis
1354 329 1404 372 5,
1430 321 1552 376 posti-

269 382 410 417 corum
442 383 543 411 vero
564 371 742 415 articulis
768 381 809 422 4.
832 372 885 412 V.
996 417 999 420 Α
1282 379 1287 391 s

329 424 420 475 Ohs.
450 436 491 465 2.
520 426 669 467 Infecta
702 426 859 465 Linnaei
892 424 1084 479 generum
1106 429 1213 470 inter
1238 430 1277 471 se
1304 431 1555 473 diversorum

267 480 310 521 in
337 480 417 522 hoc
443 495 593 536 genere
635 482 829 523 connexit
858 481 916 522 D.
941 482 988 520 de
1027 482 1193 524 Geerus.
1226 486 1307 526 Sub
1338 487 1419 527 hoc
1448 488 1554 528 enim

267 550 419 590 genere
449 537 610 591 filpham
641 537 823 592 rugosam
843 566 856 584 ,
877 536 1168 590 chrysomelam
1194 538 1339 581 hirtam
1356 572 1371 593 ,
1398 542 1552 593 boleti,

263 591 413 646 hispam
442 595 629 639 muticam
656 593 892 634 collocavit.
922 595 982 633 V.⁴

333 648 424 699 Obfi
453 659 492 702 3.
523 651 647 689 Certe
675 649 754 689 hoc
787 661 913 703 genus
939 648 1057 689 valde
1093 647 1342 704 litigiosum:

261 704 324 744 1⁰.
354 707 400 744 In
430 704 637 759 systemate
655 714 843 745 antennae
863 704 1180 754 moniliformes,
1209 706 1382 748 articulo
1406 707 1550 750 ultimo

353 759 620 800 subrotundo.

257 814 320 854 2⁰.
353 817 399 855 In
430 815 619 868 operibus
646 814 750 854 DD.
774 815 819 853 de
855 813 957 853 Geer
984 815 1023 855 &
1053 814 1177 869 Geoffi
1209 815 1417 858 filiformes
1443 817 1549 861 sunt.

257 871 317 922 3⁰.
349 872 394 910 In
428 870 704 924 entomologia
729 869 785 909 D.
813 869 907 909 Fab.
939 869 1230 912 moniliformes
1257 873 1297 912 in
1328 873 1406 912 suis
1430 883 1548 914 tene-

350 925 559 966 brionibus
579 956 590 975 ,
610 928 731 965 modo
749 924 958 964 filiforrnes
977 928 1179 979 modoque
1193 926 1484 969 moniliformes
1503 931 1548 970 in

353 982 474 1021 novis
504 980 722 1035 generibus
755 993 843 1032 quae
868 989 1001 1019 tamen
1019 981 1137 1021 Linn.
1158 982 1420 1023 tenebriones
1437 995 1544 1024 com·

349 1036 619 1087 prehendunt.

255 1091 317 1143 4⁰.
349 1091 689 1144 Coleopterorum
723 1090 817 1144 ijst.
878 1089 1018 1130 divisio
1067 1090 1117 1130 ab
1168 1093 1357 1138 antennis
1394 1092 1546 1148 sumpta

350 1145 518 1200 sequens
543 1145 608 1186 est.

309 1202 515 1243 Antennis
546 1201 731 1243 clavatis
759 1199 981 1242 extrorsum
1012 1200 1246 1242 incrassatis,

693 1257 1018 1310 --filisbrmibus
1033 1286 1047 1306 ,

697 1336 750 1346 --
760 1313 928 1363 sittaceis
948 1343 961 1362 ,
1042 1352 1046 1355 ,

347 1374 457 1425 Ergo
489 1370 675 1412 antennis
702 1367 1037 1410 moniliformibus
1064 1368 1103 1408 &
1125 1365 1378 1409 filiformibus
1418 1380 1538 1412 unam

346 1429 605 1479 eamdemque
623 1425 856 1465 divisionem
873 1424 915 1462 in
935 1425 1090 1477 system.
1111 1423 1308 1465 stabilavit
1324 1425 1507 1465 Linnaeus
1525 1441 1538 1476 ς

343 1495 436 1522 nam
464 1483 596 1535 ptini,
626 1479 889 1535 chrysomelae
911 1509 924 1530 ,
963 1478 1224 1520 tenebriones
1260 1482 1310 1520 ad
1347 1479 1451 1522 hanc
1475 1481 1538 1522 di-

341 1538 535 1578 visionem
562 1538 784 1590 pertinent.

248 1593 305 1644 5⁰.
329 1596 534 1634 Antennae
557 1592 764 1633 filiformes
784 1591 872 1632 sunt
900 1590 1062 1644 aequalis
1091 1590 1288 1631 craffitiei.

413 1678 424 1690 .
457 1677 467 1688 .
499 1677 508 1688 .
537 1647 734 1696 setaceae‚
764 1646 902 1687 versus
930 1647 1084 1699 apicem
1131 1647 1352 1687 crassiores,

245 1700 304 1743 6⁰.
332 1705 377 1743 In
391 1702 695 1743 tenebrionibus
709 1701 904 1755 plerisque
922 1700 1056 1755 paullo
1075 1702 1280 1741 craffiores
1295 1701 1382 1741 sunt
1398 1701 1533 1742 versus

312 1760 472 1811 apices,
499 1771 614 1811 quam
645 1757 782 1797 versus
806 1757 912 1796 basin
933 1771 945 1806 3
974 1755 1102 1795 forma
1124 1756 1247 1809 igitur
1270 1757 1532 1798 articulorum

310 1814 628 1854 orbiculatorum
657 1822 852 1853 antennas
870 1810 1163 1852 moniliformes
1183 1820 1301 1851 notat
1320 1825 1332 1861 3
1361 1810 1531 1865 suntque

311 1879 499 1910 antennae
528 1867 737 1909 filiformes
755 1867 933 1908 articulis
962 1866 1197 1907 orbiculatis
1221 1880 1230 1905 :
1249 1875 1435 1907 antennae
1454 1868 1534 1922 igi-

309 1934 376 1965 tur
415 1927 463 1965 ad
511 1925 724 1965 divisiones
752 1923 960 1978 generales
1002 1922 1191 1975 optimae,
1221 1920 1289 1962 sed
1315 1923 1365 1961 ad
1400 1935 1532 1976 genus

310 1980 628 2021 constituendum
651 1979 812 2021 fallaces
833 2007 847 2025 ,
872 1978 1127 2032 Linnaeusigue
1155 1975 1256 2018 nihil
1274 1976 1380 2017 aliud
1396 1978 1529 2031 desig-

305 2038 420 2077 navit
439 2038 478 2075 in
495 2035 671 2089 diagnosi
691 2035 850 2090 generis
872 2033 1177 2082 tenebrionum,
1199 2046 1314 2085 quam
1330 2042 1529 2073 antennas

303 2091 593 2132 moniliformes
622 2122 633 2141 ,
670 2090 847 2131 articulis
878 2088 1120 2129 orbiculatis
1147 2097 1190 2127 ut
1217 2089 1258 2128 in
1291 2086 1525 2141 chrysome*

305 2147 354 2187 lis
375 2178 384 2193 ,
403 2147 469 2188 sed
498 2160 581 2186 non
599 2146 820 2187 extrorsum
847 2145 1067 2187 crassiores.
1087 2146 1289 2184 Praeterea
1308 2143 1349 2182 in
1372 2156 1525 2196 genere

304 2203 642 2257 chrysomelarurn
662 2211 760 2254 quot
777 2202 995 2242 varietates
1020 2209 1283 2239 antennarum
1296 2227 1308 2249 ,
1331 2197 1523 2254 sed-nun*

308 2273 424 2313 quam
456 2258 593 2300 versus
620 2261 774 2312 apicem
804 2255 1055 2298 decrescunt.
1078 2257 1132 2298 V.
