1633 2815
291 170 372 218 164
427 169 698 208 INsEcTA
728 168 1149 208 CotEoPa-ERA.
1180 168 1457 224 Chrysomelae

618 276 763 316 Enum.
793 275 885 326 185.

616 331 736 371 Mizll.
767 332 853 372 Lin.
888 331 991 374 Nat.
1022 333 1072 372 cl.
1101 343 1149 373 v.
1173 348 1215 384 p.
1251 332 1341 386 198.

615 384 770 451 Sclzaeff}
813 388 912 428 icon.
946 399 977 429 t.
1013 390 1137 442 52.f.
1167 398 1206 442 9.
1238 398 1303 429 10.

620 441 717 481 Fab.
749 442 873 482 crioc.
902 452 968 495 35.

618 495 716 536 Hah.
736 497 775 536 in
794 498 982 551 asparago
1009 497 1196 538 officinaii
1223 511 1339 550 quem
1365 498 1558 542 devastat.

614 552 799 593 variatas
828 552 981 592 Gallica
1003 552 1098 591 mihi
1124 552 1177 592 est
1193 583 1204 601 ‚
1236 567 1322 605 quae
1341 553 1526 594 simillima
1543 583 1560 602 ,

671 607 739 647 sed
791 607 922 662 elytra
983 607 1072 647 sunt
1132 605 1259 647 fasciis
1311 620 1338 647 2
1387 609 1559 663 angustis

668 662 812 702 rubris.

612 717 862 760 varietatem
905 719 1097 758 rariorem
1132 716 1355 772 elytrorum
1393 719 1558 759 maculis

668 772 818 812 duabus
834 772 973 813 baseos
990 773 1173 813 connatis
1190 786 1241 812 ex
1251 773 1446 814 Italia.D.
1458 774 1554 813 Fab.

670 827 785 866 mifit.
817 827 896 867 Dr.
929 827 1102 868 Allioni.
1139 829 1187 867 F.

613 881 729 932 Dese.
757 881 811 923 est
836 882 1152 936 praecedentibus
1170 883 1209 923 &
1228 883 1358 924 minor
1376 885 1414 925 &
1434 883 1558 938 longe

669 937 884 991 angustior.
916 937 1039 989 Caput
1060 938 1429 990 nigro-caeruleum.
1458 940 1560 978 An·-

665 1004 794 1032 tennae
825 994 964 1047 nigrae.
997 991 1157 1031 Thorax
1189 992 1402 1045 angustus,
1427 993 1560 1046 cylin-

666 1050 834 1089 draceus
852 1079 864 1098 ‚
895 1048 1046 1100 punctis
1067 1047 1220 1087 duobus
1237 1048 1361 1101 nigris
1379 1061 1402 1086 a
1421 1057 1558 1101 tergo.

665 1103 814 1156 Elytra
853 1103 1028 1157 oblonga
1050 1132 1064 1150 ‚
1107 1102 1242 1149 flava,
1275 1101 1412 1142 versus
1445 1116 1556 1142 mar-

664 1159 800 1212 ginem
854 1160 1096 1199 exteriorem
1157 1157 1371 1198 secundum
1427 1166 1556 1197 totam

661 1213 956 1267 *longitudinem
983 1212 1106 1252 fulva.
1131 1212 1290 1251 Macula
1311 1213 1557 1265 cruczformis

664 1268 834 1309 caerulea
857 1269 958 1322 tegit
975 1267 1233 1320 coleoptera‚
1257 1267 1369 1318 cujus
1389 1276 1556 1307 truncus

663 1324 857 1363 incumbit
898 1323 1066 1376 margini
1098 1322 1220 1375 elytri
1250 1322 1452 1374 utriusque
1487 1324 1557 1362 in-

664 1379 827 1418 terioris
846 1378 1059 1418 secundum
1077 1386 1205 1417 totam
1231 1376 1519 1430 longitudinem
1539 1392 1554 1427 3

668 1442 710 1472 at
727 1434 825 1472 rami
841 1433 985 1472 breves
999 1432 1088 1471 sunt
1100 1445 1202 1483 ‚hnec
1218 1433 1434 1485 marginem
1451 1441 1559 1472 exte·

668 1488 818 1528 riorem
844 1487 1066 1541 elytrorum
1093 1486 1333 1540 adtingunt3
1364 1488 1414 1526 ad
1449 1486 1556 1527 basm

666 1542 790 1595 elytri
821 1542 972 1582 macula
1010 1541 1186 1595 oblonga
1222 1541 1392 1581 caerulea
1415 1571 1428 1590 ,
1467 1555 1556 1594 quae

663 1609 749 1635 non
794 1597 1052 1649 conjungitur
1091 1610 1180 1636 cum
1220 1606 1372 1645 cruce3
1416 1596 1558 1636 versus

665 1651 817 1701 apicem
851 1650 973 1703 elytri
1014 1650 1197 1702 punctum
1234 1649 1446 1689 caeruleum
1477 1663 1556 1690 ro-

662 1706 872 1744 tundatum
893 1733 907 1752 ,
944 1705 1051 1756 quod
1081 1703 1184 1756 saepe
1216 1703 1439 1744 adnascitur
1475 1704 1557 1747 basi

595 1789 603 1796 .
660 1771 805 1799 crucls.

607 1816 741 1854 Larva
771 1812 1020 1868 nigro-fusca
1045 1812 1195 1868 glabra.
1224 1812 1350 1855 Faun.
1378 1812 1469 1867 567.

596 1925 661 1965 Ex
680 1927 784 1977 spec.
811 1923 870 1966 D.
898 1923 994 1965 Fab.
1025 1923 1232 1965 Crioceris.

279 2038 461 2081 [incola.
487 2046 579 2091 174.
612 2037 660 2076 C.
681 2035 749 2087 (la
764 2036 871 2090 ligne
889 2035 1024 2085 noire)
1046 2034 1195 2089 grisea,
1212 2033 1380 2075 thorace
1402 2034 1548 2074 lineola

662 2090 805 2131 dorsali
827 2121 840 2140 ,
877 2091 1012 2145 elytro
1044 2091 1189 2143 puncto
1232 2089 1370 2129 baseos
1408 2090 1547 2143 nigris-

607 2146 706 2187 Hah.
735 2148 774 2187 in
801 2145 929 2186 Italia.
956 2146 1035 2186 Dr.
1062 2145 1235 2185 Allioni.

280 2258 520 2313 Sanguinea.
542 2265 634 2311 175.
665 2248 722 2295 C(
744 2258 762 2307 (
789 2255 955 2295 couleur
981 2257 1031 2295 de
1060 2253 1189 2307 sang)
1221 2262 1373 2304 ovata,
1423 2252 1510 2294 rufa
1531 2282 1548 2305 ‚

664 2311 848 2350 antennis
877 2309 1078 2362 oculisque
1107 2309 1245 2362 nigris,

605 2364 707 2404 Hah.
736 2365 846 2404 Halae
872 2365 1085 2404 Saxonum.
1113 2364 1170 2404 D.
1202 2363 1396 2404 Scfzaller.

611 2418 703 2472 Ohfi
733 2421 859 2463 Pedes
888 2420 1068 2472 cinerei,
1098 2419 1224 2463 rarius
1257 2419 1477 2474 sanguinei.
