1687 2799
235 133 952 186 {NsEc‘rA'COLEOPTERm
982 133 1225 177 Dermestes:
1316 145 1366 188 57

424 241 523 282 Hab.
562 241 762 293 Viennae3
792 242 833 281 in
860 255 1009 295 quercu
1035 245 1231 285 emortua.

480 352 544 391 Ex
567 368 678 404 opere
707 353 766 394 D.
793 355 838 393 de
869 352 983 395 Geer.

98 466 328 506 Tomento-
352 469 421 516 45,
451 465 508 503 D.
541 467 558 515 (
585 463 679 504 velu
703 465 721 514 )
753 464 953 518 oblongus
986 464 1150 505 villosus
1168 495 1183 513 ,
1213 464 1370 520 griseo-

149 520 226 560 sus.
474 520 651 558 murinus
669 549 682 568 ‚
711 519 838 560 oculis
866 521 1018 574 nigris,
1041 520 1207 574 pedibus
1232 519 1368 564 fulvis.

427 573 526 614 Hah.
553 575 593 613 in
620 577 793 628 Europa.

94 684 345 727 Fornicatus.
363 683 431 736 46.
454 687 510 725 D.
539 685 733 735 (voute)
762 683 891 724 fuscus
909 715 921 734 ‚
949 684 1137 725 obscurus
1156 715 1170 734 ‚
1197 699 1370 739 corpore

480 749 606 780 ovato
639 739 759 785 laevi,
788 739 1005 780 fornicato.
1037 741 1239 780 Antennis
1277 741 1367 781 lon-

479 795 664 848 giffimis,
702 794 834 849 elytra
870 793 1064 835 subulata.

423 850 527 889 Hah.·
553 851 591 889 in
621 853 794 903 Europa.

425 906 514 955 obs.
561 907 698 945 Genus
724 907 921 946 incertum
951 906 990 947 ὅτ
1019 904 1127 946 forte
1157 907 1206 946 ad
1244 919 1370 959 genus

477 960 617 1015 byrrh.
645 960 913 1002 referendum.

96 1070 342 1115 Atomarius.
362 1082 428 1125 47.
458 1075 513 1114 D.
562 1073 580 1124 (
613 1081 746 1113 atome
776 1074 796 1123 )
839 1082 984 1114 ovatus
1009 1103 1022 1122 ‚
1066 1064 1334 1112 minutiffimus
1351 1077 1373 1120 ,¹

480 1127 788 1183 nigro-fuscus,
817 1129 1001 1169 antennis
1035 1129 1216 1181 corporis
1247 1127 1371 1180 longi-

472 1182 637 1232 tudine,
659 1186 772 1236 apice
798 1182 1067 1223 hirsutiffimis.

420 1241 626 1281 Parvitate
654 1238 880 1280 difficillime
908 1239 1247 1280 determinandus.

426 1294 525 1336 Hah.
557 1296 598 1336 in
628 1297 801 1348 Europa.

93 1401 324 1445 Armidilus.
340 1405 410 1457 48.
448 1408 501 1446 D.
541 1409 558 1457 (
588 1405 790 1446 armadille
815 1407 833 1456 )
865 1404 1164 1455 minutiffimus,
1192 1409 1374 1456 ovatus‚'

478 1462 592 1513 niger
621 1461 767 1498 nitidus
788 1489 800 1507 ‚
827 1459 1003 1499 thoracis
1032 1462 1273 1513 marginibus
1297 1475 1378 1514 pe*

475 1515 667 1566 dibusque
703 1512 940 1553 rufo-fuscis
966 1513 1135 1566 pallidis,

423 1569 522 1608 Hah.
551 1571 591 1607 in
611 1571 794 1620 ,Europa-

430 1622 522 1672 Obfi
555 1624 729 1669 Tafiffls,
767 1631 886 1673 caput
910 1622 948 1662 δε
977 1622 1173 1662 abdomen
1201 1622 1270 1662 sub
1300 1624 1372 1663 ab-

481 1677 640 1717 domine
677 1677 860 1717 retrahit.

474 1735 569 1772 Haec
601 1731 684 1772 obs.
723 1731 961 1772 insufficiens
988 1734 1037 1773 ad
1067 1746 1194 1786 genus
1226 1735 1367 1775 deter—

481 1789 722 1828 minandum.
750 1790 803 1829 V.

532 1875 597 1914 Ex
627 1876 790 1917 Entom.
814 1879 939 1928 paris.

90 1962 276 2004 Pallidus.
301 1973 371 2018 49.
406 1967 461 2005 D.
491 1964 687 2016 (efface)
718 1967 995 2021 nigro-fuscus
1014 1999 1026 2018 ,
1063 1969 1204 2024 elytris
1233 1972 1365 2014 antice

479 2020 750 2071 pallidioribus
782 2022 993 2063 nebulosis.

420 2075 517 2113 Hah.
552 2077 591 2114 in
619 2077 796 2128 partibus
823 2078 1047 2118 animalium
1072 2081 1255 2132 putridis.

423 2130 565 2169 Similis
592 2133 645 2172 D.
674 2131 873 2178 lardario,
900 2134 1027 2174 multo
1056 2137 1201 2177 minor.
1230 2137 1366 2178 Fascia

475 2185 620 2238 pallida
664 2189 994 2241 nigro-punctam
1024 2191 1061 2230 &
1088 2190 1188 2229 male
1223 2193 1366 2231 termi-

478 2251 572 2280 nata
596 2270 609 2289 ‚
642 2242 684 2281 in
730 2252 843 2295 parte
872 2242 1094 2298 elytrorum
1123 2244 1346 2287 anteriore}

95 2348 319 2403 oblongus.
347 2362 410 2404 50.
435 2355 490 2394 D.
521 2351 590 2403 (le
617 2351 765 2394 levrier
793 2356 814 2395 a
832 2354 973 2412 stries)
995 2356 1194 2412 oblongus
1211 2357 1338 2400 fuscus
1349 2361 1367 2410 ‚⁴

475 2407 618 2460 elytris
645 2408 800 2456 striatis.
