1633 2815
262 82 344 132 5594
481 74 824 118 ANALYrrcA
871 83 934 113 ET
976 71 1315 115 COMPA'RA‘T.

320 166 414 210 Οἴτῃ
439 175 475 203 Ι,
495 163 763 218 Cerambyces
783 165 934 206 Linnaei
955 166 995 206 in
1013 164 1037 206 8
1061 179 1209 221 genera
1230 161 1252 206 a
1275 165 1332 206 D.
1356 163 1533 216 Fabricio

260 223 370 262 dixin
405 219 582 267 fuerunt.
624 221 692 259 An
722 219 875 261 facilius
904 221 1197 275 dignoscendi?
1224 221 1398 261 Dubito.
1416 217 1535 261 Lirin.

257 277 367 317 nothe
394 273 717 315 characteristicae
741 305 754 324 ‚
790 289 878 315 cum
902 287 1000 317 nota
1021 278 1096 318 hac
1114 276 1297 332 specifica
1332 275 1455 315 oculis
1489 278 1546 315 lu-

252 332 366 371 natis
399 362 411 380 ‚
462 343 602 370 omnes
634 331 939 371 incertitudines
984 332 1134 385 pellere
1182 333 1300 373 nobis
1331 333 1537 373 videntur-0

251 389 406 427 Mirum
450 387 559 439 quod
597 385 655 426 D.
690 384 815 439 Geoffi
848 388 915 438 qui
954 386 1060 427 hunc
1095 388 1362 428 charac'terem
1387 387 1536 440 primus

252 443 538 489 animadvertit
557 471 570 491 ‚
600 454 725 496 genus
747 443 879 494 prioni
902 442 1159 482 nihilominus
1176 444 1431 496 adoptaverit
1452 472 1465 492 ‚
1484 455 1537 482 eo

253 500 360 551 quod
395 509 582 536 antennae
622 497 695 536 siut
723 496 896 537 serratae.
939 499 1052 551 Quot
1086 511 1233 551 genera
1271 511 1382 539 nova
1420 497 1541 551 stabi-

248 554 381 594 Lenda
404 585 416 602 ‚
436 558 461 593 12
475 554 563 593 haec
582 561 682 598 nota
697 551 917 593 sufficeret!
941 557 1046 592 Nam
1069 566 1120 592 ex
1139 552 1220 606 ipsa
1237 553 1332 595 clar.
1361 553 1535 594 austoris

246 610 465 657 methodo,
488 609 595 648 inter
613 607 703 647 suos
723 607 980 662 cerambyces
996 611 1033 649 ἃ
1050 607 1178 649 oculis
1191 607 1337 649 lunatis
1349 609 1388 649 δι
1404 608 1537 649 tarso-

245 678 333 706 rursz
356 663 533 704 articulis
552 673 724 716 quatuor
745 663 962 716 spongiosis
982 665 1225 703 ordinandus
1243 662 1338 704 esset
1360 679 1372 714 3
1398 674 1535 705 anten-

243 734 384 761 narum
418 719 547 773 figura
572 720 623 758 ad
659 731 811 758 novum
837 718 1086 758 formandum
1121 732 1247 773 genus
1277 719 1532 760 insufficiens.

242 776 475 816 'Generibus
488 775 609 814 novis
634 773 691 812 D.
719 771 890 813 Fabricii
915 774 1074 814 minime
1100 775 1405 827 perturbamur:
1425 787 1535 814 nova

245 832 284 871 &
319 830 481 871 insolita
532 828 747 869 methodus
789 829 1032 869 mutationes
1072 829 1292 871 necessario
1347 829 1535 870 absterfit.

244 887 323 926 Sed
350 886 377 925 fi
412 901 552 925 nomen
579 885 799 935 gener-icum
828 884 944 923 unius
973 885 1128 935 generis
1152 915 1164 934 ,
1200 886 1270 937 rufi
1289 886 1538 935 fitpervaca-

245 957 362 981 neum
395 972 407 991 ‚
453 941 493 979 in
522 941 635 979 aliud
665 940 883 991 transferri
909 940 1015 978 haud
1051 941 1190 987 debet,
1229 940 1361 979 forsan
1410 952 1540 992 necy-

242 996 343 1035 dalis
384 996 480 1048 syfi·
523 994 592 1034 sub
640 993 885 1045 lepturarum
927 993 1081 1033 vexillo
1106 995 1144 1033 &
1187 994 1393 1034 nonnullae
1441 1007 1538 1035 can-

241 1051 423 1091 tharides
450 1081 463 1099 ,
494 1048 564 1089 snb
611 1047 820 1102 necydalis
863 1049 1026 1089 nomine
1072 1049 1260 1089 incedere
1290 1048 1528 1091 debuissent.

241 1107 377 1148 Dubia
407 1105 670 1160 proponimus
691 1134 704 1154 ,
732 1102 863 1144 solvet
890 1113 1045 1156 tempus
1079 1119 1091 1153 3
1119 1103 1186 1143 sed
1215 1104 1437 1145 dubitando
1462 1105 1530 1146 vel

243 1162 438 1202 haerendo
466 1190 479 1208 ,
514 1159 657 1200 horum
701 1159 907 1213 infignium
953 1158 1317 1212 Entomologorum
1361 1160 1531 1214 gloriam

245 1217 490 1258 obnubilare
526 1229 602 1255 nec
650 1227 722 1254 eos
764 1227 930 1267 carpere
973 1228 1058 1254 non
1106 1216 1220 1254 venit
1257 1215 1300 1253 in
1342 1225 1532 1256 mentem.

243 1278 325 1313 Ars
357 1271 526 1312 difficilis
544 1301 558 1320 ‚
586 1271 835 1323 vituperatio
862 1269 1004 1310 facilis.
1037 1272 1090 1310 V.

301 1329 391 1377 Obs.
411 1339 451 1366 2.
469 1328 612 1367 La-rvae
630 1325 909 1380 cerambycum
930 1324 1252 1379 lepturarumque
1273 1338 1412 1378 parum
1427 1338 1527 1380 cog-

241 1385 341 1426 nitae
361 1414 374 1433 ‚
402 1381 563 1422 difficile
597 1383 834 1423 educantur.
870 1384 914 1420 In
945 1381 1063 1436 lignis
1098 1381 1136 1421 ἃ
1165 1380 1233 1421 sub
1254 1381 1408 1422 cortice
1425 1382 1531 1422 anti-

239 1452 411 1494 quarum
446 1437 634 1478 arborum
680 1436 1029 1477 transformantur.
1065 1438 1120 1477 V.

308 1495 399 1545 Obs.
424 1504 461 1547 3.
496 1496 606 1534 Inter
633 1505 742 1533 nova
777 1505 924 1547 genera
956 1492 1012 1532 D.
1042 1491 1140 1532 Fab.
1183 1493 1363 1545 quaedam
1394 1505 1533 1545 parum

239 1550 467 1592 numerosa.
508 1549 623 1589 Solus
679 1548 896 1601 cerambyx
933 1549 1216 1599 sbrraticornis
1258 1549 1327 1588 sub
1362 1549 1527 1588 nomine

242 1607 370 1656 calepi
390 1636 402 1653 ,
427 1604 644 1657 cerambyx
675 1604 875 1658 inquisitor
892 1634 905 1654 ‚
921 1605 1051 1654 curjbr
1068 1635 1082 1655 ‚
1112 1605 1231 1644 noc‘z‘is
1250 1634 1262 1654 ,
1276 1603 1351 1644 sub*
1365 1605 1527 1654 nomi-ne

244 1661 404 1710 Rhagii.
433 1661 486 1698 V.

300 1716 390 1764 Obs.
410 1725 450 1764 4..
468 1713 632 1753 Limites
648 1743 661 1762 ‚
683 1713 942 1767 cerambyees
962 1715 1066 1754 inter
1082 1715 1116 1756 &
1138 1714 1312 1766 lepturas
1333 1713 1387 1753 D.
1406 1712 1524 1754 Lirin.
1541 1734 1544 1736 ·

242 1770 375 1812 ‘oculis
417 1769 621 1810 lunaribus
662 1769 887 1824 negleffls,
920 1769 1018 1810 felix
1062 1771 1129 1823 qui
1164 1769 1355 1823 affignare
1398 1766 1524 1810 solide

244 1827 413 1881 poterit.
447 1827 502 1867 V.
