1633 2815
286 134 366 198 3'04
476 127 741 184 INsEc’tA
769 122 1179 187 CoLEoPT'ERA.
1211 144 1362 188 Elarer.

669 251 794 306 grisea
816 282 828 301 ‚
865 250 1011 306 singula
1042 252 1190 307 septem
1222 255 1454 306 puufflorum
1480 267 1553 295 ex*

665 316 902 347 cavatorum
918 308 1121 348 ordinibus
1138 309 1281 350 striata.
1311 309 1432 360 Regio
1463 320 1550 350 tota

672 362 807 402 subtus
834 375 921 402 cum
958 362 1197 414 abdomine,
1229 365 1422 418 pedibus,
1457 364 1552 404 tho-

670 429 764 458 race
794 416 914 458 fusca
955 414 1079 458 Faun.
1108 430 1203 473 723.

281 526 507 570 Ruficollis.
540 535 576 581 5.
603 529 650 570 E.
696 528 775 582 (le
815 525 956 570 collier
996 531 1166 592 rouge)
1208 530 1373 571 thorace
1423 530 1545 571 rubro

662 585 792 624 nitido
823 585 957 624 antice
992 584 1130 638 nigro,
1168 584 1308 639 elytris
1349 598 1547 640 corpore-

663 653 740 693 que
767 639 904 693 nigris.
934 641 953 659 '‘

558 736 561 738 ,
608 695 733 736 Faun.
753 695 859 745 suec'.
895 692 985 747 576.
1029 693 1166 736 Elater
1191 695 1336 749 niger,
1374 695 1459 738 thot

662 751 799 791 rubro.

603 806 748 846 Enum.
780 816 872 858 351.

603 861 724 902 Mzill.
757 860 844 901 Lin.
875 858 976 902 Nat.
1002 861 1053 902 cl.
1087 873 1133 903 v.
1153 878 1197 913 p.
1229 872 1324 916 321.

602 916 694 956 Fab.
733 926 799 969 33.

601 965 665 1010 De
703 970 825 1021 Geer,
865 983 942 1011 tom
979 981 1020 1024 4.
1044 988 1086 1023 p
1117 981 1210 1026 153.

599 1025 754 1091 Sclzaeffi
786 1028 885 1068 icon.
915 1039 946 1067 t.
975 1038 1040 1080 31.
1058 1028 1098 1080 f.
1123 1036 1161 1078 3

599 1081 699 1121 Hah.
732 1083 769 1121 in
799 1085 970 1135 Europa.
1018 1084 1064 1122 In
1108 1081 1269 1131 Gallia,
1314 1082 1366 1120 ad
1407 1080 1538 1134 Castra

653 1136 859 1178 Mariana.
879 1140 932 1178 V.

597 1191 715 1243 Defi.
743 1195 851 1233 Inter
881 1192 1036 1233 nostros
1065 1192 1245 1232 minimus
1278 1191 1347 1232 vel
1374 1191 1539 1244 reliquis

654 1247 739 1287 fere
778 1248 941 1288 dimidio
982 1249 1124 1287 minor.
1157 1249 1287 1287 Totus
1321 1256 1437 1296 ater,
1467 1248 1535 1288 sed

652 1301 810 1356 elytra,
849 1317 936 1355 quae
963 1305 1081 1342 etiam
1109 1302 1240 1342 striata
1261 1332 1273 1351 ‚
1311 1315 1447 1354 parum
1487 1304 1537 1342 ad

651 1357 863 1397 caeruleum
902 1367 1078 1411 vergunt
1123 1357 1316 1397 colorem.
1367 1355 1532 1396 Thorax

647 1412 816 1452 maxima
856 1425 905 1452 ex
942 1422 1055 1465 parte
1089 1411 1239 1460 ruber,
1291 1411 1357 1452 sed
1400 1413 1533 1453 antice

650 1468 787 1521 niger,
815 1468 855 1507 in
881 1468 1013 1507 medio
1041 1476 1171 1507 tamen
1197 1467 1319 1521 magis
1341 1481 1348 1506 :
1383 1467 1533 1519 postice

647 1522 849 1563 laeviffimo
901 1523 1079 1576 margine
1141 1521 1271 1575 elytra
1333 1521 1533 1574 spe&ante

646 1578 765 1617 etiam
794 1579 833 1617 ni
856 1591 908 1625 ,er
927 1609 938 1627 ‚
979 1578 1072 1617 hinc
1099 1577 1246 1616 thorax
1277 1578 1380 1629 quast
1413 1576 1532 1617 fascia

646 1592 897 1672 transversgli
940 1632 1017 1671 lata
1049 1662 1060 1681 ,
1108 1632 1227 1670 rubra
1254 1661 1265 1679 ‚
1315 1632 1525 1681 lunulam,

644 1686 821 1725 cavitate
851 1685 996 1725 lunulae
1033 1695 1151 1739 caput
1180 1686 1392 1737 spestante.
1431 1687 1530 1725 An-

600 1777 603 1780 .
641 1746 769 1779 tennae
800 1741 923 1794 nigrae
941 1770 953 1789 ‚
982 1753 1065 1780 non
1092 1741 1324 1794 peffinatae,
1351 1740 1417 1780 sed
1439 1742 1530 1781 arti-

644 1795 743 1835 culis
773 1808 909 1847 parum
935 1796 1067 1836 antice
1105 1795 1245 1849 gibbis.
1273 1795 1400 1835 Faun.
1427 1806 1525 1848 724.

593 1849 684 1901 obs:
737 1851 858 1890 Certe
905 1850 1096 1890 ruficollis
1143 1850 1293 1889 Linszsri
1346 1864 1428 1890 non
1468 1851 1523 1891 est

640 1904 832 1944 ruficollis
870 1905 1013 1944 Entom
1041 1906 1164 1956 paris.
1195 1905 1290 1945 licet
1312 1905 1389 1957 ipse
1408 1906 1523 1947 Lina.

645 1959 767 2012 Geoffl
806 1961 993 2000 citaverit
1015 1989 1026 2006 ,
1063 1962 1121 1999 uti
1163 1961 1206 1999 de
1241 1959 1356 2000 Geer.
1399 1960 1521 2000 Rufi-

626 2016 752 2055 collis
781 2014 904 2067 Geqff'.
933 2015 985 2055 est
1013 2015 1216 2055 thoraicus
1246 2014 1337 2054 Fal).
1366 2018 1410 2055 In
1440 2015 1522 2057 hoc

639 2072 784 2110 thorax
810 2080 920 2109 totus
957 2071 1076 2110 ruber
1105 2072 1141 2111 δι
1169 2071 1289 2123 pedes
1324 2071 1454 2123 nigri:
1476 2073 1519 2110 in

635 2126 729 2171 illo,
759 2125 904 2164 thorax
934 2127 1067 2165 antice
1094 2127 1207 2179 niger
1225 2154 1237 2172 ‚
1263 2127 1382 2177 pedes
1410 2126 1519 2165 rubri

634 2180 662 2220 s.
700 2179 873 2220 testacei.
906 2179 1108 2220 Differunt
1138 2179 1293 2231 insuper
1321 2182 1520 2234 magnitu-

637 2238 742 2275 dine.
773 2238 826 2276 V.

252 2345 453 2388 [meatus.
483 2344 522 2387 6.
552 2348 599 2386 E
655 2346 672 2394 (
706 2344 742 2384 le
793 2345 932 2398 raye')
989 2345 1103 2399 niger
1124 2375 1136 2394 ,
1181 2345 1319 2400 elytris
1349 2345 1516 2386 obscure

632 2400 762 2441 lividis
789 2399 898 2442 fulco
935 2400 1177 2444 sublineatis.
1412 2454 1514 2496 Hah.
