1633 2815
451 82 804 144 ANALYncA'
841 113 907 145 m*
946 100 1289 145 CoM'PARA‘r.

232 104 314 159 '398

407 193 466 235 D.
496 193 663 236 Linnaei.
1050 196 1108 238 D.
1135 198 1180 238 de
1213 197 1348 238 Geeri.

287 288 376 338 Obfi
410 286 520 328 Inter
555 288 757 342 lampyres
809 289 842 328 c}
964 292 995 330 Ρ
1014 291 1054 330 Y
1073 293 1110 331 R
1124 294 1162 333 Ο
1182 292 1216 333 C
1236 294 1272 331 H
1290 293 1327 331 R
1345 293 1381 332 O
1400 289 1454 329 A.

225 343 478 387 chantarides
501 375 516 394 ‚
586 344 841 400 Pyrochroa.

226 405 395 442 Novum
429 413 555 454 genus
586 431 600 451 ‚
655 399 840 452 exemplo

222 456 281 496 D.
300 454 511 496 Schrankii
528 486 541 504 ‚
572 470 661 497 nam
676 457 725 495 ad
738 454 840 496 Lin-

223 525 365 558 naeana
399 524 547 567 genera
576 512 721 553 relatio
747 525 839 564 per-

223 562 395 607 difficilis
451 567 488 607 ἃ
537 566 617 609 hoc
681 567 839 608 meliori

220 620 311 675 jure
361 653 374 671 ‚
432 624 540 676 quod
602 623 839 665 infestorum

223 676 394 717 Austriae
421 681 699 728 enumeratio,
733 679 837 718 Lin-

222 733 301 776 naei
318 732 473 790 legibus
498 733 765 789 obtemperat.

854 418 858 420 ,
897 381 1100 423 Ameana
1111 384 1321 427 filiformes
1331 415 1342 435 ,
1360 383 1512 439 longae,

950 437 1089 490 saepius
1108 441 1331 493 pectinatae.

898 493 1012 533 Oculi
1039 493 1179 535 lunati.

897 547 1061 589 Thorax
1097 550 1293 604 plerisque
1335 550 1511 606 pianus,

949 617 1033 647 non
1060 607 1324 662 margin-atus.

285 1029 748 1071 CANTHARIS.
942 1030 1445 1072 TELEPHORUS.

215 1120 422 1165 IAntennae
453 1123 634 1164 setaceae.

217 1177 382 1224 Thorax
402 1182 646 1234 marginatus
664 1208 677 1229 ,
699 1177 829 1232 capite

273 1235 454 1275 brevior.

216 1288 364 1340 Elytra
395 1289 558 1330 flexilia.

216 1342 457 1385 Abdominis
492 1345 619 1385 latera
649 1343 828 1399 plicato—

271 1398 476 1452 papillosa.

216 1456 332 1498 Ordo
367 1467 384 1494 1
420 1455 608 1497 Thorace
632 1455 827 1510 depresso.

360 1522 389 1552 2
407 1541 575 1553 ......
605 1541 614 1552 .
637 1511 829 1557 teretius-

415 1567 525 1608 culo.
543 1575 545 1577 ’

885 1121 1087 1162 Antennae
1114 1121 1338 1163 filiformeS.

888 1176 1054 1218 Thorax
1085 1177 1225 1231 planus
1247 1207 1261 1227 ‚
1303 1178 1502 1232 margina-=

941 1242 1020 1273 tus.

889 1287 1017 1340 Caput
1044 1289 1280 1330 exercitum.

883 1344 1032 1397 Elytra
1064 1344 1226 1386 flexilia.

883 1398 1125 1441 Abdominis
1139 1400 1267 1442 latera
1294 1398 1499 1453 papillosa.
1523 1410 1526 1418 ·

887 1453 927 1496 T
923 1458 1002 1510 arfi
1027 1469 1166 1502 omnes
1185 1454 1362 1498 articulis
1384 1462 1419 1505 5.

268 1621 362 1672 obs:
389 1622 455 1661 Ab
486 1623 670 1663 omnibus
701 1621 784 1664 fere
811 1624 1090 1678 Entomologis
1117 1636 1265 1663 nomen
1286 1624 1404 1676 hujus
1424 1637 1497 1678 ge·

213 1678 321 1718 neris
352 1686 548 1717 mutatum
591 1677 679 1718 fuit.
707 1681 751 1718 In
778 1677 837 1719 D.
867 1678 1065 1733 Schaeffkri
1093 1678 1278 1717 iconibus
1304 1679 1495 1732 telepho-

212 1745 280 1773 rus
310 1732 531 1786 appellatur
574 1732 757 1786 hancque
798 1734 1165 1775 denominationem
1207 1732 1332 1788 elegit
1371 1735 1426 1773 D.
1446 1736 1493 1774 de

215 1786 364 1828 Geerus
387 1803 398 1838 ;
432 1789 470 1829 &
495 1789 786 1842 consequenter
816 1791 1057 1831 cantharidis
1086 1801 1233 1829 nomen
1253 1819 1265 1838 ‚
1298 1787 1452 1829 insectis
1471 1803 1493 1830 a

210 1842 269 1886 D.
297 1844 412 1884 Linn.
449 1843 517 1884 sub
544 1846 705 1885 nomine
733 1845 885 1885 Meloes
927 1845 1109 1886 indicatis
1128 1874 1140 1893 ‚
1168 1843 1359 1895 restituit;
1400 1843 1493 1885 sane

210 1910 256 1941 ut
290 1898 422 1940 Meloe
456 1900 714 1942 veficatorius
762 1902 966 1954 antiquum
1011 1913 1157 1940 nomen
1199 1899 1494 1950 conservaret;

212 1957 291 1997 Sed
319 1957 434 2009 parvi
466 1955 590 1997 refert
622 1970 768 1998 nomen
800 1957 1010 1998 officinale.
1052 1957 1207 1996 Contra
1243 1955 1492 1996 illustriffimo

212 2013 304 2052 viro
333 2011 533 2065 plauditur
570 2025 657 2052 cum
699 2010 828 2053 asserit
865 2026 1010 2053 nomen
1035 2011 1260 2057 cicindelae,
1280 2011 1489 2051 canthari-

210 2067 324 2108 dibus
348 2067 499 2107 Linnaei
525 2081 546 2107 a
566 2067 622 2107 D.
649 2067 772 2121 Geoffi
799 2081 881 2109 non
901 2069 1071 2109 feliciter
1089 2066 1326 2121 applicatum
1345 2065 1456 2106 fuisse
1475 2081 1488 2117 5

210 2123 248 2163 ὃ(
265 2136 366 2164 vero
379 2137 517 2163 nomen
534 2125 752 2174 genericum
769 2126 974 2178 antiquum
1005 2124 1167 2177 antiquo
1194 2123 1327 2173 generi
1339 2122 1490 2161 εὐήνε-

208 2180 282 2218 nit.
311 2178 408 2219 Fab.
433 2182 491 2218 Ex
519 2179 598 2219 hoc
630 2179 768 2222 evenit
795 2189 839 2220 ut
868 2179 1001 2219 carabi
1029 2177 1280 2220 &cicindelae
1308 2176 1424 2216 Linn.
1446 2179 1488 2221 in

174 2244 178 2248 “
205 2233 405 2286 buprestes
426 2265 438 2284 ,
467 2234 666 2288 buprestes
699 2235 740 2274 in
768 2235 931 2287 cucujos
950 2265 962 2284 ‚
994 2234 1073 2274 sine
1104 2232 1333 2273 neceffitate
1353 2262 1366 2279 ,
1413 2232 1480 2272 sed

207 2302 291 2329 non
317 2289 395 2330 fine
440 2291 695 2334 incommodo
731 2290 769 2331 ὃ(
799 2291 1040 2332 detrimento
1068 2288 1242 2337 scientiae
1275 2317 1290 2343 2
1331 2296 1484 2333 mutata,

203 2343 367 2392 fuerint.
394 2348 448 2391 V..
