1633 2815
250 95 338 153 378
399 99 1360 144 InsncmAcozzoPTERA.Gmaffim

579 210 680 251 Hah.
715 212 754 251 in
791 211 1014 253 ranunculo
1041 211 1190 253 ficaria.
1222 214 1266 251 In
1297 209 1440 251 Gallia.
1468 212 1525 253 V.

578 267 697 317 Desb.
724 269 968 320 Magnitudo
986 268 1141 320 pulicis.
1170 265 1293 306 Totus
1324 267 1437 321 niger
1457 265 1525 307 ve}

632 335 683 361 ex
714 323 1135 376 cinereo-nigricans,
1171 321 1386 375 praesertim
1421 321 1524 362 tho—

631 390 726 418 race
745 407 757 426 ‚
786 378 852 428 qui
881 378 986 418 villis
1018 377 1357 418 cine1·ascentibus
1387 379 1523 417 mani-

624 431 730 472 ‘feste
756 431 1183 486 adspergitur..Elytra
1206 432 1363 482 striata,
1390 433 1524 471 maxi-

630 500 692 528 ma
723 500 774 527 ex
799 496 912 540 parte
945 487 1060 534 rufa,
1087 493 1254 540 excepta
1280 497 1393 540 parfe
1422 488 1523 527 tho-

631 544 716 584 raci
740 543 778 583 ὅ(
804 542 948 582 suturae
974 541 1254 596 longitudinali
1281 543 1490 596 adjacente
1509 571 1525 591 ,

630 613 720 652 quae
749 599 890 652 nigra,
922 597 1015 638 hinc
1052 597 1188 637 elaufis
1225 597 1366 650 elytris
1395 598 1523 638 latera

631 654 765 696 inseffi
798 652 889 693 rufa
924 653 1236 706 conspiciuntur.
1268 651 1433 692 Femora
1460 653 1524 692 ni·-

629 722 732 763 ora,
760 708 827 749 sed
852 709 958 747 cibiae
986 708 1114 747 flavae.
1142 707 1345 746 Antennae
1375 709 1521 761 nigro-

629 741 750 804 fuscae
804 763 940 804 infimo
988 761 1159 804 articulo
1211 775 1295 804 non
1352 762 1522 817 majore.

627 819 756 860 Faun.
793 817 882 870 588.

294 935 402 991 Fini.
437 941 502 988 15.
533 933 582 974 C.
626 933 646 984 (
675 932 728 971 du
757 931 824 984 pin
850 931 868 982 )
913 928 1163 983 longirostris
1181 960 1194 980 ,
1226 929 1370 984 elytris
1395 927 1519 977 testa--=

627 986 709 1028 ceis
738 1000 746 1025 :
781 985 911 1027 fasciis
939 984 1153 1027 nebulofis.
1183 987 1205 1033 'i

570 1044 672 1085 Fah.
705 1052 769 1095 13.

570 1099 635 1141 De
670 1096 796 1147 Geer‚
825 1104 891 1148 15.

569 1153 720 1204 Friftlz.
755 1154 827 1204 ins.
861 1164 925 1195 11.
952 1166 983 1196 t.
1010 1163 1077 1209 23.
1099 1155 1141 1209 f.
1179 1163 1214 1201 5.

570 1210 716 1250 Enum.
751 1218 841 1262 195.

572 1264 695 1306 Miill.
727 1264 813 1305 Lin.
851 1263 955 1306 Nat.
986 1265 1036 1306 cl.
1066 1277 1114 1306 V.
1147 1281 1190 1317 p.
1220 1268 1320 1305 220.

570 1319 726 1374 Schaeffi
764 1320 864 1360 icon.
896 1331 928 1360 t.
956 1330 1024 1370 25.
1047 1322 1087 1374 f'.
1115 1331 1158 1374 7.

571 1376 672 1415 Hah.
709 1376 748 1415 in
783 1376 865 1428 pini
897 1375 1080 1416 filveflris
1116 1375 1270 1416 cortice
1305 1375 1342 1415 ἃ
1377 1374 1519 1416 resina:

573 1431 670 1472 Vidi
697 1428 840 1482 copula
872 1429 1027 1482 junffios
1053 1444 1163 1472 cure.
1190 1430 1272 1483 pini
1298 1430 1336 1471 ὅ(
1359 1430 1516 1471 abietis.

570 1487 688 1537 Defi.
708 1485 770 1526 Est
789 1499 897 1526 cure.
925 1486 1068 1527 abietis
1090 1484 1245 1535 fimffis,
1265 1484 1334 1525 sed
1355 1486 1519 1526 dimidio

625 1542 770 1582 minor.
818 1539 859 1580 T
857 1555 947 1581 otus
980 1541 1130 1596 griseus
1157 1555 1179 1581 e
1197 1553 1300 1581 cano
1329 1541 1366 1581 ὃ(
1387 1540 1517 1594 griseo

224 1593 249 1630 ὗ
624 1597 768 1636 mixto.
789 1596 989 1635 Antennae
1004 1598 1143 1649 nigrae.
1159 1597 1332 1645 Rostrum
1348 1595 1519 1635 thorace

625 1650 711 1689 fere
727 1650 901 1702 longius.
919 1649 1081 1690 Thorax
1099 1649 1269 1704 griseus,
1291 1662 1313 1689 a
1336 1658 1454 1702 tergo
1474 1650 1520 1688 in

625 1704 759 1744 medio
789 1706 874 1756 pari
908 1698 1141 1757 Ρηῃὲἱοηιῐη
1168 1703 1347 1744 alborum
1375 1703 1414 1743 &
1443 1703 1517 1744 vix

625 1759 947 1812 conspicuorum.
977 1759 1122 1813 Elytra
1154 1773 1176 1799 e
1206 1760 1363 1800 cano&
1387 1757 1521 1811 griseo

628 1815 752 1854 mixta
778 1814 946 1863 intime,
971 1828 1061 1856 cum
1086 1814 1238 1854 macula
1264 1825 1415 1866 magna
1432 1812 1516 1853 fer-

626 1870 794 1923 ruginea
831 1872 872 1911 in
901 1870 1040 1925 smguli
1069 1869 1191 1924 elytri
1223 1869 1370 1909 medio.
1415 1867 1519 1916 δεμ,-

626 1926 764 1966 tellum
806 1925 872 1966 seu
916 1940 1017 1980 apex
1065 1925 1244 1966 thoracis
1293 1923 1404 1963 albus
1445 1922 1516 1963 est.

625 1980 751 2022 Faun.
778 1980 872 2031 615.
907 1984 939 2022 &
972 1997 1049 2021 non
1085 1980 1173 2035 589.
1203 1980 1264 2021 uti
1299 1979 1402 2019 bene
1434 1978 1518 2019 Ob·-

623 2037 825 2078 servatum
851 2036 962 2078 fuit
951 2051 994 2079 m
1025 2052 1152 2078 enum.
1179 2038 1232 2078 V.

229 2152 426 2213 {apathh
456 2149 520 2195 16.
548 2150 598 2191 C.
642 2150 735 2200 (de
772 2147 810 2188 la
835 2149 1062 2212 patience)
1103 2143 1349 2199 longirostris
1380 2141 1512 2184 albida

623 2206 820 2259 nigroque
851 2205 985 2247 varius
1017 2203 1247 2244 muricatus.

570 2260 667 2301 Fab.
697 2258 764 2300 86.

570 2316 634 2356 De
669 2313 795 2364 Geer‚
830 2314 893 2355 16.

569 2370 708 2416 Hah.
695 2385 735 2412 ιη
771 2369 984 2413 rumicibus
1011 2367 1197 2425 lapathis.
1223 2370 1270 2412 In
1295 2364 1436 2410 Gallia.
1453 2367 1509 2410 V.
